2614 4190
294 73 361 144 ele
552 92 599 145 ux
623 92 792 148 sueonos
816 93 995 148 eucuuon

247 210 315 280 Art.
339 208 370 278 7.
392 209 443 282 Aa
464 214 518 295 pei
540 230 608 279 com
631 213 781 296 oripirruti
802 213 989 280 decesserant
1000 203 1293 299 somut‘usslrristc

270 301 401 368 literati.
426 301 461 386 rt.
485 301 555 369 Nou
579 298 674 386 pueri
698 304 855 388 quicum
885 309 1019 388 peccato
1049 305 1212 390 originali
1237 309 1293 371 de·

267 398 441 469 cesserant,
463 391 542 474 quia
564 410 633 458 nou
664 395 761 458 erant
789 393 960 459 coniuncti
999 394 1142 478 passioni
1170 393 1294 462 Christi

268 499 328 564 per
351 480 462 558 tidem,
486 486 520 547 et
541 480 748 561 charitatem,
771 483 828 548 sed
863 487 991 566 patres,
1027 504 1090 550 nec
1113 488 1206 551 lune
1242 503 1296 568 pru

268 569 437 654 originali,
468 575 540 637 erat
572 571 771 637 sacramenti
783 592 792 653 ;
824 576 859 637 et
881 571 992 639 Patres
1016 574 1093 640 licet
1115 578 1236 641 essent
1269 574 1296 640 ir

269 664 363 725 reatu
384 658 547 743 originali,
569 665 607 727 ut
618 659 750 745 respicit
771 665 942 741 naturam;
959 667 1072 730 nmen
1085 667 1188 729 erant
1206 661 1296 730 liberi

268 750 395 833 auulpa
411 768 470 833 per
481 749 635 834 gratiam3
652 769 752 835 quam
764 751 904 835 gratiam
917 754 1012 835 pueri
1027 771 1096 818 nun
1114 753 1296 819 habebant

245 838 313 906 Art.
337 837 370 907 8.
382 837 432 906 Are
445 837 583 906 Christus
599 857 652 906 suo
672 839 811 908 descensu
834 841 1013 909 liberaverit
1031 845 1152 908 ursimus
1179 862 1296 925 purpu-

270 931 353 995 torii.
379 931 414 1014 ri.
438 927 519 1009 Nun,
538 930 601 996 uisi
616 929 741 995 luerint
757 933 846 1010 tales,
863 933 974 1016 quales
990 951 1082 998 nuuc
1100 931 1294 998 liberantur

267 1038 327 1103 per
350 1017 548 1102 passionem3
572 1024 605 1085 et
628 1019 733 1102 passio
757 1019 877 1087 Christi
907 1021 942 1086 in
977 1021 1124 1105 generali
1155 1025 1212 1086 est
1250 1041 1296 1086 sa·

266 1107 453 1186 tislacturia‚
477 1109 551 1175 ideo
573 1111 671 1176 debet
693 1109 863 1193 applicari,
891 1114 929 1175 ut
952 1110 1139 1177 satisfaciat.

264 1195 280 1228 *
303 1197 466 1265 Liberavit
488 1217 542 1266 eos
564 1200 606 1265 ab
630 1199 820 1265 exclusione
844 1200 966 1287 gloriae,
990 1220 1077 1287 quae
1100 1205 1174 1266 erat
1192 1200 1296 1266 totius

267 1293 410 1370 naturae3
435 1307 503 1354 uon
526 1309 550 1355 a.
569 1291 663 1354 reatu
687 1308 815 1372 poenae
837 1291 881 1355 ob
904 1291 1078 1374 proprium
1109 1290 1296 1369 delectum,

266 1378 345 1466 quia
367 1381 440 1444 erat
462 1378 654 1465 personalis.

621 1555 800 1643 QUAESl'lO
824 1556 901 1628 llll.

336 1741 429 1810 Do
451 1743 921 1810 resurreetione
943 1741 1194 1810 Christi.

240 1919 309 1992 Art.
331 1918 364 1990 l.
387 1919 436 1988 Aa
458 1923 556 2005 [uuit
576 1923 778 1988 necessarium
802 1920 955 1987 Ctristum
977 1937 1145 2003 reserpere.
1167 1921 1206 2004 rt.
1222 1918 1285 1998 Sic,

262 2011 339 2097 quia
350 2012 602 2078 commendatur
613 2009 727 2078 divina
744 2010 865 2077 iustitia
880 2011 1027 2076 exaltans
1042 2027 1129 2087 eum,
1146 2009 1209 2093 qui
1228 2028 1289 2093 pro

262 2101 330 2167 Dec
351 2121 387 2167 se
409 2100 611 2178 humiliavit;
636 2100 821 2166 ostenditur
844 2099 1022 2178 divinitas3
1046 2097 1187 2183 erigitur
1212 2117 1287 2182 spes

264 2195 392 2271 nustra;
415 2195 449 2256 et
471 2191 513 2256 ad
536 2191 816 2273 complementum
839 2194 970 2256 nostrae
985 2191 1107 2266 solutis,
1122 2187 1205 2272 quia
1224 2189 1286 2254 luit

264 2279 439 2359 inchoatio,
461 2285 494 2345 et
517 2280 705 2362 exemplum
730 2284 861 2346 nostroe
884 2277 1143 2345 resurrectionis.

240 2368 307 2438 Art.
330 2371 362 2438 2.
385 2373 434 2437 Ao
457 2372 554 2454 picit
573 2371 752 2436 conueniens
770 2370 923 2437 Ciristuor
940 2372 1032 2436 tertio
1047 2368 1095 2436 die
1109 2386 1285 2452 reserpere.

265 2463 301 2545 ri.
324 2461 376 2526 Sic
399 2462 442 2526 ub
467 2461 584 2525 multas
606 2459 867 2526 convenientias.

242 2552 311 2618 Art.
336 2550 368 2618 3.
391 2548 440 2618 Ao
466 2549 604 2617 Christro
626 2551 727 2632 primo
749 2552 967 2616 resurrexerit.
993 2552 1028 2635 ri.
1044 2548 1154 2616 Primo
1171 2566 1287 2615 resur·

264 2641 410 2707 rectione
432 2640 588 2724 perlecta,
611 2637 697 2704 idest
720 2658 789 2706 nou
819 2639 1017 2720 moriturus,
1052 2657 1121 2705 nou
1149 2637 1198 2703 sie
1233 2639 1289 2705 La·

260 2750 368 2811 earne,
390 2734 424 2796 et
446 2730 512 2795 ulii.

263 2821 274 2846 *
297 2820 345 2885 De
368 2820 419 2887 his
442 2819 500 2904 qui
529 2821 748 2885 surrexerunt
776 2838 853 2887 cum
883 2819 1011 2886 Christo
1041 2822 1078 2884 ut
1108 2819 1288 2888 dominum

262 2913 490 2994 resurgentem
513 2910 722 2988 ostendereu,
739 2908 841 2993 aliqui
865 2907 982 2976 dicunt
1004 2908 1186 2976 surrexisse
1210 2930 1283 2976 nun

262 2999 449 3079 morituros,
474 3000 532 3066 sed
554 2999 666 3066 verius
689 3001 737 3064 eut
759 3017 835 3064 eum
859 2996 1043 3083 Augustino
1054 2999 1144 3084 quod
1160 2997 1287 3066 iterum

261 3089 385 3157 mortui
407 3093 496 3156 suut.

238 3177 306 3246 Art.
330 3178 362 3246 4.
390 3179 527 3246 Christus
544 3181 644 3265 suerit
662 3195 754 3244 remu
775 3195 847 3244 saue
881 3181 1125 3246 resurrectionis.
1162 3182 1199 3266 ri.
1233 3183 1286 3250 Sic

260 3267 393 3353 propria
416 3267 540 3335 virtute
564 3265 747 3333 divinitatis
771 3272 804 3332 et
828 3288 896 3335 nou
921 3269 1146 3335 humanitatis.

261 3358 273 3382 *
295 3359 399 3424 Etiam
423 3379 442 3424 a
465 3358 571 3438 Patre,
594 3360 627 3422 et
649 3354 774 3440 Spiritu
808 3363 944 3439 sancto,
974 3359 1051 3444 quia
1080 3364 1130 3425 est
1162 3362 1283 3432 cadem

260 3448 376 3515 virtus.
400 3446 482 3515 ltem
506 3444 622 3526 oravit,
647 3450 681 3511 et
704 3446 827 3514 meruit
849 3448 939 3516 illam
963 3453 1001 3515 ut
1024 3451 1134 3515 homo.
