2604 4210
266 116 331 188 328
518 133 564 184 cx
589 133 756 187 snouuna
781 134 957 187 seccanae
1288 119 1289 128 ‘

424 317 425 322 ‘
554 357 733 444 consuo
762 358 922 428 cxxxix.

388 541 480 608 De
504 540 661 607 dono
686 541 1086 609 fortitudinis,

219 713 287 782 Art.
312 714 342 782 l.
365 716 414 784 Aa
436 719 583 801 fortitudo
605 721 650 784 sil
669 719 789 786 docum.
822 721 857 803 ri.
888 716 928 783 Ut
959 718 1039 783 dicit
1066 717 1289 882 firmitatem}

242 806 344 870 animi
368 808 402 874 in
428 809 521 874 bonis
543 809 716 886 faciendis,
747 815 780 873 et
803 807 897 873 malis
927 808 1147 890 perferendiS,
1181 828 1269 891 prae

240 897 355 961 sertim
378 900 506 978 arduis,
538 919 605 964 non
636 904 684 963 est
713 899 857 976 donum,
887 901 943 962 sed
967 898 1112 979 specialis
1137 898 1289 978 virtus„

241 1004 341 1068 quam
371 989 469 1053 horno
498 989 680 1054 secundum
716 988 905 1071 proprium,
940 991 972 1051 et
1007 989 1284 1053 connaturalem

241 1074 302 1140 sibi
334 1078 469 1143 modum
497 1081 603 1161 potest
630 1080 767 1156 habere3
790 1079 847 1143 sed
870 1076 1046 1152 fortitudo,
1070 1096 1136 1160 qua
1162 1079 1282 1142 homo

239 1169 394 1245 pervenit
416 1169 458 1232 ad
482 1171 583 1233 finem
607 1167 750 1231 inchoati
775 1167 892 1250 operis,
918 1171 950 1229 et
966 1167 1077 1231 evadit
1092 1186 1282 1250 quaecum·

238 1273 303 1336 que
334 1257 479 1338 pericula
510 1265 558 1324 est
587 1258 713 1322 donum
744 1256 884 1340 Spiritus
915 1256 1041 1333 Sancti,
1074 1259 1106 1318 et
1130 1257 1282 1322 excedit

238 1347 393 1409 naturam
418 1349 608 1412 humanam.

238 1427 254 1458 *
274 1433 370 1498 Actus
394 1437 597 1502 fortitudinis
628 1436 663 1499 in
688 1435 793 1519 patria
824 1439 872 1500 est
896 1434 1021 1518 perfrui
1046 1435 1143 1517 plena
1167 1453 1278 1500 secu·

238 1521 335 1586 ritate
358 1545 377 1589 a
402 1527 568 1592 laboribus
591 1531 624 1591 et
648 1526 757 1604 malis,
789 1525 878 1590 unde
906 1544 975 1590 non
999 1530 1047 1588 est
1071 1524 1159 1588 idem
1184 1543 1278 1589 curn

237 1629 287 1690 eo,
311 1612 368 1696 qui
393 1616 473 1679 est
464 1636 499 1680 ιιι
524 1617 588 1682 via.
1288 1641 1289 1692 l

216 1696 271 1766 Ar.
296 1702 326 1767 2.
350 1702 399 1770 Aa
423 1713 532 1787 quarto
557 1705 725 1785 beatitudo,
751 1704 783 1768 ld
804 1712 850 1770 est
871 1703 950 1769 beati
976 1705 1030 1786 qui
1060 1704 1211 1768 esuriant
1244 1711 1280 1770 ct

236 1791 352 1858 sitierat
339 1797 542 1878 ljasta'ta‘om,
573 1795 753 1947 respuatclect
780 1794 857 1862 dono
887 1793 1091 1875 fortitudinis.
1124 1793 1160 1876 rb.
1193 1793 1273 1868 Sic,

237 1881 314 1962 quia
343 1885 439 1949 valde
469 1888 613 1951 arduum
641 1885 809 1967 estquod
837 1885 911 1968 quis
940 1903 1008 1948 non
1032 1883 1138 1948 solum
1163 1881 1273 1946 laciat

236 1987 336 2052 opera
367 1974 530 2052 virtuosa,
564 1976 671 2040 idest
694 1973 846 2055 justitiae,
870 1975 927 2038 sed
951 1973 1040 2055 quod
1064 1971 1162 2036 laciat
1184 1991 1272 2036 cum

235 2056 414 2128 insatiabili
442 2067 587 2148 quodam
617 2063 796 2139 desiderio,
827 2063 917 2146 quod
947 2061 1071 2127 dicitur
1101 2063 1208 2126 fames
1236 2067 1271 2126 el

234 2147 305 2214 sitis
335 2153 489 2234 justitiae,
524 2159 556 2219 et
590 2153 644 2218 hic
671 2152 799 2236 justitia
827 2151 1002 2218 sumitur
993 2171 1027 2215 ιιι
1052 2168 1176 2234 genere
1201 2170 1270 2234 pro

235 2239 328 2305 omni
351 2246 427 2308 actu
451 2242 584 2308 virtutis
607 2245 640 2307 et
664 2241 843 2307 charitalis.

590 2418 770 2506 QuAEsuo
794 2421 878 2488 ext.

305 2606 396 2667 De
421 2606 750 2683 praeceptis
776 2600 1176 2670 fortitudinis·

213 2777 280 2845 Art.
306 2778 337 2848 l.
359 2779 409 2848 Aa
432 2783 644 2848 collocabatur
667 2783 702 2846 ia
727 2781 788 2864 laco
818 2781 923 2846 divino
952 2786 1099 2862 praeopta
1130 2779 1261 2860 sortitu·

235 2869 575 2955 dinistradcatur.1i
599 2871 666 2950 Sic,
690 2870 774 2936 sicut
797 2876 831 2934 et
853 2869 965 2936 omnia
988 2871 1152 2953 praecepta
1177 2867 1261 2950 legis

233 2958 303 3038 Dei,
327 2961 405 3044 quia
427 2966 507 3027 sunt
529 2963 712 3027 secundum
736 2962 849 3037 linem,
877 2978 976 3042 quern
1000 2959 1086 3024 Deus
1108 2955 1261 3022 intendit

234 3048 271 3113 in
294 3009 375 3134 iege,
399 3052 456 3134 qui
480 3056 529 3116 est
553 3055 590 3116 ut
613 3053 711 3116 borno
735 3050 801 3114 Deo
825 3052 958 3126 hereat,
983 3053 1016 3112 et
1032 3047 1079 3110 sic
1095 3045 1262 3112 ordinant

234 3141 381 3204 mentem
405 3141 580 3205 bominis
571 3159 606 3204 ιιι
630 3139 751 3219 Deurn,
776 3142 813 3203 ut
835 3138 939 3204 Nolite
963 3138 1080 3202 timere
1104 3154 1175 3212 eos,
1201 3133 1289 3218 qui

234 3228 292 3312 qui
316 3229 473 3294 occidunt
496 3248 624 3310 corpus.

161 3367 166 3377 .
211 3315 280 3384 Art.
304 3317 335 3384 ᾖ.
359 3317 643 3386 inconvenienter
668 3319 831 3386 tradantur
850 3325 1002 3401 precepta
1024 3315 1085 3383 Dal
1107 3314 1142 3381 cle
1155 3316 1256 3397 portl-

236 3406 287 3473 bas
309 3410 512 3490 fortitudinis.
538 3411 572 3492 d.
596 3408 658 3484 Sic,
682 3408 759 3490 quia
783 3412 880 3474 borno
903 3410 944 3473 ad
965 3411 1053 3472 recte
1069 3406 1254 3471 vivendum

234 3516 302 3562 non
327 3500 432 3564 solum
456 3498 582 3580 indiget
605 3497 783 3564 virtutibus
807 3495 1056 3580 principalibus,
1079 3495 1252 3561 sedetiam

234 3588 438 3655 secundariis
460 3585 636 3670 adjunctis,
660 3591 697 3652 ut
720 3588 887 3673 patientia,
912 3593 946 3652 et
969 3583 1226 3674 perseverantia.
