2632 4212
157 180 163 187 .
285 105 350 205 ld‘t)
572 137 619 188 ex
642 135 752 188 narra
777 135 954 188 sncnnnn

261 276 410 354 mortale,
433 273 574 344 habeta
597 269 737 348 ratione,
760 269 846 336 sicut
868 272 902 334 et
924 272 1015 338 actus
1039 269 1191 336 virtutis.
1210 269 1295 336 ltem

258 368 432 452 peccatum
456 361 585 431 veniale
609 358 755 446 disponit
776 360 819 426 ad
842 359 990 440 mortale,
1023 362 1060 428 ut
1091 361 1184 428 hona
1211 360 1297 427 ima·

258 455 364 542 ginali
387 454 429 520 ad
453 451 634 518 seientiam.

238 549 309 614 Art.
333 543 364 611 5.
389 541 440 609 Ao
460 548 615 626 peccatam
635 542 733 624 possit
754 560 814 607 esse
836 543 871 606 io
894 542 1026 608 ratione:
1058 541 1095 625 rt.
1117 539 1185 622 Sic,
1213 541 1297 628 quia

258 637 366 725 pptest
388 633 510 728 haltere
533 634 643 716 actum
667 630 894 718 yolnntapium
918 629 1160 724 inordipatum,
1188 635 1228 711 et
1245 632 1297 700 di-

258 723 344 792 citur
368 727 477 792 motus
501 718 637 804 rationis
662 720 879 785 voluntarius.
1019 716 1022 726 “

234 814 301 886 Art.
325 805 431 892 ‚asle
454 817 607 896 peccatam
628 827 754 876 morose
776 809 984 878 delectationis
1010 811 1054 876 sit
1082 813 1117 886 ip
1149 814 1295 879 cottone.

262 907 298 990 ri.
321 903 389 984 Sic,
413 897 494 986 'quia
517 905 599 984 tunc
633 896 743 986 delicit
770 899 812 988 in
847 899 1031 987 dirigendis
1065 901 1296 982 passionibus.

258 995 339 1062 ltcm
362 989 447 1058 ratio
471 988 670 1070 nonsolum
693 989 793 1056 hahet
808 989 981 1073 proprium
1000 992 1111 1057 aetum
1129 989 1295 1059 illicitum

259 1083 347 1153 circa
370 1078 544 1165 proprium
567 1080 744 1163 objectum,
767 1079 824 1144 scd
841 1077 940 1146 etiam
957 1079 1045 1147 circa
1059 1079 1295 1148 directionem

259 1173 466 1257 obiectorum
497 1168 637 1241 aliarum
663 1167 899 1251 potentiarum.
930 1169 1012 1242 item
1035 1168 1217 1252 delectatio
1244 1171 1297 1236 di·

260 1261 346 1348 eitpp
370 1277 498 1353 merope
522 1259 594 1344 npn'
615 1277 656 1322 ex
678 1261 837 1352 terppore,
862 1260 920 1344 sed
939 1263 983 1352 'er
1009 1278 1057 1346 cp,
1079 1259 1176 1418 ppog
1200 1260 1295 1326 ratio

245 1343 549 1430 ‘deliberans'cipca
565 1367 637 1424 earn
655 1353 812 1428 moratur,
827 1367 890 1417 nec
906 1347 1046 1433 repellit,
1059 1343 1133 1435 etim
1164 1351 1295 1445 ‘capet

237 1438 315 1508 Art-
330 1433 362 1506 7.
384 1436 434 1506 An
454 1441 789 1524 peccotomeooseeaes
812 1441 847 1504 io
871 1445 972 1504 cctam
986 1437 1030 1502 sit
1043 1439 1077 1517 tp
1092 1439 1225 1506 ratione
1241 1460 1294 1506 su·

258 1524 389 1613 periore.
425 1529 461 1613 rt.
497 1524 562 1605 Sic,
589 1527 675 1613 quia
705 1526 798 1602 ratio,
827 1529 863 1594 ut
886 1545 1060 1610 supremus
1079 1529 1200 1612 judex,
1224 1529 1297 1594 lert

261 1614 410 1685 ultimam
433 1615 644 1684 sententiam.
668 1615 716 1682 Ad
739 1615 902 1683 rationem
926 1615 1115 1694 in‘eriorem
1136 1617 1295 1700 pertinet

257 1706 421 1792 judicium
446 1705 697 1790 praeambulum,
722 1706 811 1788 quod
834 1709 882 1770 est
905 1707 947 1770 de
969 1696 1201 1777 delectatione.

237 1794 306 1864 Art.
330 1795 362 1864 8.
385 1797 434 1864 Ao
458 1814 618 1863 consessus
642 1798 677 1861 io
699 1795 924 1862 delectationem
951 1799 996 1862 sit
1016 1801 1174 1879 peccatam
1206 1817 1293 1864 mor·

263 1889 331 1955 tole.
356 1889 391 1972 rt.
414 1886 538 1970 Sponte
561 1885 719 1952 delectari
745 1886 786 1951 de
809 1885 1001 1968 operatione
1031 1886 1116 1968 ipsa,
1144 1904 1190 1952 ex
1223 1907 1295 1972 qua

260 1975 409 2060 sequitur
432 1974 615 2053 delectatio,
640 1994 708 2041 non
733 1977 780 2040 est
803 1974 952 2053 mortale,
981 1975 1115 2041 sedvel
1139 1976 1293 2056 veniale,

262 2067 314 2130 vel
339 2066 484 2144 nullum;
512 2065 569 2132 sed
596 2081 759 2132 consensu
783 2062 817 2130 in
842 2064 1103 2150 delectationem,
1126 2083 1206 2150 quae
1234 2069 1294 2133 ha·

261 2156 317 2220 het
350 2173 411 2236 pro
444 2155 572 2235 obiecto
606 2171 675 2218 non
707 2152 950 2234 operationem,
981 2153 1039 2219 sed
1062 2171 1132 2218 rem
1156 2153 1292 2238 ipsam,

260 2263 334 2327 quae
357 2246 407 2307 est
429 2244 605 2325 objectum,
631 2245 712 2306 tnnc
733 2242 761 2307 si
783 2261 836 2308 res
859 2247 907 2325 est
931 2242 1089 2328 mortalis,
1108 2243 1292 2334 deleciatio

262 2330 449 2399 voluntaria
472 2334 521 2397 est
544 2330 702 2409 mortalis,
725 2331 751 2397 si
777 2331 923 2411 venialis,
949 2331 1093 2398 venialis.

261 2419 276 2448 *
291 2421 381 2488 Sicut
397 2423 487 2488 actus
499 2439 700 2506 organorum
711 2425 790 2487 sunt
802 2425 973 2505 peecatum
985 2422 1133 2501 mortale,
1144 2427 1291 2508 quando

261 2515 427 2578 avertunt·
438 2531 473 2576 se
496 2532 514 2579 a
538 2510 650 2596 regula
673 2513 807 2577 aeterna.
837 2511 916 2577 ltem
952 2511 1016 2578 nisi
1050 2517 1185 2599 excuset
1224 2513 1290 2580 im·

261 2600 417 2682 perfectio
441 2604 540 2666 aetus.
1168 2599 1173 2606 “

238 2687 306 2758 Art.
330 2689 362 2758 9.
385 2689 435 2758 Aa
458 2691 493 2755 io
516 2693 668 2773 superiori
695 2691 814 2756 ratione
839 2695 938 2773 possit
964 2711 1024 2758 esse
1051 2698 1208 2776 peccatum
1240 2699 1309 2762 ce*

261 2779 354 2861 alote,
387 2787 490 2847 otest
517 2780 664 2846 directivo
690 2781 872 2862 inferiorum
894 2783 1018 2848 virium.
1052 2785 1086 2866 rt.
1112 2781 1180 2866 Sic,
1206 2787 1290 2869 quia

260 2872 368 2952 potest
391 2870 577 2936 consentire
601 2869 635 2935 in
660 2873 770 2936 aetum
794 2869 851 2953 qui
875 2869 918 2934 sit
942 2875 1112 2952 peceatum
1137 2874 1289 2940 veniale.

237 2955 304 3026 Art.
330 2958 382 3026 lo,
406 2957 455 3025 Ao
479 2963 513 3025 ie
537 2963 658 3026 ratione
680 2962 832 3044 superiori
852 2963 949 3043 possit
971 2979 1031 3028 esse
1057 2968 1213 3045 peccatum
1239 2986 1289 3032 ve·

258 3048 341 3112 siole
375 3049 537 3118 secondom
570 3053 709 3133 seipsam.
747 3051 782 3134 ri.
818 3046 881 3130 Sic,
916 3050 994 3135 quia
1029 3071 1088 3134 per
1119 3052 1289 3122 intuitum

259 3141 366 3219 potest
397 3139 520 3202 hahere
550 3137 778 3205 inordinatum
811 3142 939 3206 motum
961 3140 1118 3223 subitum,
1143 3144 1181 3206 ut
1207 3143 1290 3211 inli-

259 3224 412 3303 delitatia
436 3226 514 3310 quia
538 3246 606 3293 non
630 3230 678 3293 est
702 3228 798 3311 plena
821 3229 1024 3297 deliberatio.
1049 3231 1130 3299 ltem
1153 3251 1196 3298 cx
1221 3234 1290 3301 irn-

257 3313 460 3400 pcrtectione
482 3317 584 3396 aetus,
609 3316 662 3383 vel
686 3336 745 3400 per
768 3318 914 3386 subitum
940 3324 1077 3388 motum.
