2604 4210
409 119 485 170 mm
516 117 663 170 rualem.
823 97 1049 204 Q

7 243 66 312 lrt.
96 247 134 314 2.
158 246 209 314 Aa
227 251 382 332 jejunium
404 255 449 318 sit
469 261 553 318 actas
585 253 786 318 abstinentiae.
819 253 854 335 rt.
885 249 951 329 Sic,
979 251 1057 334 quin

17 339 218 404 attenditur
242 339 277 404 in
302 341 398 417 cibis,
424 348 460 408 tn
485 344 604 428 quibus
628 341 774 407 medium
801 340 977 406 adinvenit
999 343 1057 406 ab·

18 427 209 507 sumentia,
237 431 294 495 sed
318 430 463 514 pertinet
485 434 583 498 etiam
607 434 649 498 ad
673 431 882 524 religionem,
906 434 939 494 et
961 431 1056 496 casti-

18 520 147 596 tatem,
172 522 210 582 ut
233 520 407 585 ordinatur
430 525 472 589 ad
495 541 608 587 earum
633 524 744 586 finem.

7 599 66 672 lrt.
97 606 133 673 3.
157 607 209 674 An
227 611 380 690 talentum
403 614 446 677 sit
466 615 501 677 ic
521 619 677 695 precepto.
703 612 738 692 il.
763 608 798 674 ln
818 609 988 674 communi
1005 614 1055 675 est

15 698 86 761 sub
115 704 281 781 praecepto
304 699 383 782 legis
406 706 544 779 naturae,
572 704 649 787 quia
672 700 810 783 quilibet
834 699 977 765 naturali
1001 719 1053 766 ra-

20 785 123 850 tione
154 790 289 852 tenetur
319 789 367 853 uti
395 793 541 875 jejunio,
564 793 727 874 quantum
750 781 819 854 sibi
836 793 884 852 est
907 807 1053 854 necessa·

17 875 129 952 rium,
154 877 198 940 ad
222 879 393 959 praedictas
417 882 621 946 necessitates
640 878 760 962 jejunii
769 897 778 958 ;
809 879 866 942 sed
894 879 1052 943 determi-

21 965 122 1029 natio
159 967 330 1050 temporis,
361 974 393 1034 et
424 970 512 1035 modi
537 971 673 1054 jejunii,
708 972 757 1032 est
790 969 852 1032 sub
887 973 1050 1050 praecepto

19 1052 198 1118 Ecclesiae:
222 1061 255 1120 et
278 1059 339 1122 hnc
361 1059 483 1123 dieitur
495 1060 660 1143 jejunium
678 1056 944 1134 Ecclesiasticum;
965 1056 1047 1122 illud

23 1145 195 1208 naturaie.
227 1145 305 1210 ltem
336 1155 497 1231 praecepta
525 1169 584 1232 per
608 1149 744 1214 modum
767 1146 879 1211 statuti
903 1165 1051 1213 commu·

22 1231 77 1296 nis
106 1237 274 1316 proposita
298 1256 365 1301 non
390 1240 536 1323 ohligant
567 1258 680 1304 omnes
710 1238 824 1304 endem
855 1237 970 1320 modo,
993 1237 1051 1301 scd

21 1324 216 1388 seeundum
240 1327 328 1409 quud
352 1329 570 1412 requiruntur
593 1331 634 1393 ad
658 1329 771 1403 tinem,
790 1344 889 1410 quem
906 1323 1052 1390 intendit

24 1409 213 1494 legislator,
238 1421 270 1479 et
292 1417 319 1480 si
344 1419 416 1501 quis
446 1419 722 1502 transgredienda
748 1418 907 1487 statutum
937 1419 1050 1481 conte·

25 1505 123 1566 mnat
148 1505 394 1585 auctoritatem,
427 1508 470 1572 ita
502 1513 538 1571 ut
565 1509 640 1572 linis
663 1507 811 1573 intentus
834 1504 1050 1587 impediatur,

26 1595 143 1670 peccat
169 1596 367 1674 mortalitem
391 1598 448 1661 sed
471 1597 498 1661 si
522 1598 594 1681 quis
618 1617 686 1662 nnn
710 1600 830 1672 servat,
854 1594 888 1657 in
906 1614 944 1658 en
960 1613 1049 1672 casu,

26 1677 60 1742 in
86 1700 156 1763 quo
180 1683 207 1746 si
231 1685 394 1767 legislator
417 1689 558 1765 adesset,
595 1707 661 1752 nnn
694 1684 859 1770 judiearet
890 1701 957 1747 esse
980 1703 1049 1748 ser·

28 1771 198 1849 vandum,
236 1793 302 1839 non
337 1783 448 1858 peccat
479 1778 677 1853 mortalitem
702 1775 802 1840 etsie
826 1791 893 1837 non
918 1791 1051 1854 omnes,

26 1859 82 1940 qui
108 1881 179 1924 nou
200 1864 364 1944 jejunant,
391 1871 528 1948 peceant
551 1865 743 1930 mortaliter.

10 1945 71 2013 Art.
97 1949 129 2017 l.
156 1951 208 2016 An
227 1970 326 2018 ornnes
342 1956 380 2020 cd
389 1959 541 2038 jejunium
557 1956 697 2022 Ecclesia
715 1959 883 2020 teneantur.
895 1952 939 2034 ul.
955 1950 1049 2016 Caur-

27 2040 177 2104 muniter
200 2060 312 2107 omues
336 2048 503 2125 tenentur,
529 2047 591 2110 nisi
610 2049 752 2110 habeant
770 2040 1046 2126 impedimentum

28 2129 185 2208 speciale,
220 2132 297 2216 quia
333 2135 496 2217 legislator
529 2135 675 2200 intendit
704 2135 792 2217 quod
826 2130 1048 2197 communiter

28 2216 179 2296 habetur,
203 2224 236 2283 et
260 2223 294 2286 in
320 2225 469 2306 pluribus
493 2225 612 2290 accidit
638 2243 699 2288 nee
722 2221 867 2288 intendit
883 2219 1047 2304 legislator

30 2307 175 2390 obligare
199 2328 292 2389 eum,
317 2313 373 2396 qui
398 2315 496 2380 habet
520 2315 697 2397 legitimam
727 2330 857 2378 causam
888 2329 956 2374 nou
979 2327 1047 2374 ser·

29 2397 126 2461 vandi
163 2401 341 2480 statutum,
376 2421 433 2468 seu
459 2405 644 2488 jejunium:
673 2407 707 2467 et
734 2401 761 2466 si
787 2419 883 2466 causa
906 2402 954 2464 est
976 2398 1046 2464 evi·

28 2483 123 2564 dens,
154 2507 195 2551 ex
224 2507 259 2554 se
283 2495 387 2573 potest
411 2512 479 2557 non
500 2494 668 2576 jejunare,
694 2491 875 2574 praesertim
900 2488 1045 2553 interve·

28 2573 139 2640 niente
163 2580 411 2662 consuetudine,
437 2603 500 2647 nec
522 2583 623 2647 facilis
647 2587 695 2647 est
718 2599 870 2646 recursus
888 2578 930 2644 ad
946 2595 1045 2660 supe·

28 2663 165 2745 riorem;
194 2670 251 2733 sed
279 2670 305 2733 si
329 2689 425 2736 causa
449 2676 497 2737 est
520 2671 638 2749 dubia,
662 2675 811 2736 recurrat
834 2671 874 2734 ad
898 2666 1044 2750 superin-

29 2771 110 2832 rem‚
144 2756 201 2840 qui
232 2764 335 2839 potest
366 2761 572 2844 dispensare,
600 2759 678 2844 quia
702 2763 771 2824 haec
795 2779 863 2824 non
886 2761 981 2835 suut,
1006 2759 1044 2822 ut

28 2851 187 2927 praecepta
212 2845 279 2926 Dei,
305 2850 355 2914 vel
381 2855 519 2928 naturae,
543 2870 617 2936 quae
640 2849 822 2915 seeundum
846 2867 880 2914 sc
902 2851 981 2912 sunt
1000 2845 1042 2912 de

29 2934 217 3000 necessitate
239 2939 361 3018 salutis,
384 2942 441 3005 scd
462 2939 690 3016 Ecclesiastica,
710 2957 784 3022 quae
800 2957 841 3002 ex
857 2956 953 3003 eausa
972 2955 1041 3001 non

28 3021 180 3107 obligant.
207 3025 285 3092 ltem
311 3029 415 3111 pueri,
439 3050 542 3111 usque
566 3031 607 3096 ad
631 3031 731 3092 finem
757 3027 846 3092 tertii
861 3025 1041 3110 septennii,

30 3129 87 3176 nnn
114 3117 275 3180 tenentur
297 3120 456 3202 jejunare.
482 3119 573 3198 ltem,
599 3118 773 3201 peregrini,
793 3123 825 3184 el
848 3115 986 3201 operaii3
1011 3117 1039 3183 si

30 3203 263 3288 peregrinatio,
292 3212 324 3270 et
353 3228 451 3289 opera
474 3210 646 3274 commode
670 3209 794 3274 dillerri
819 3208 960 3292 possint,
986 3207 1037 3270 vel

30 3291 164 3358 diminui
200 3295 271 3360 siue
306 3297 506 3363 detrimento
545 3299 722 3382 corporali,
753 3299 805 3366 vel
832 3297 961 3372 salutis,
986 3297 1039 3360 vel

29 3385 121 3449 status
157 3386 328 3450 exterioris
360 3388 507 3472 requisiti
536 3408 602 3453 nnn
628 3393 844 3466 excusantur,
868 3388 925 3451 sed
947 3383 975 3447 si
997 3384 1040 3448 sit

31 3472 195 3538 necessitas
226 3476 477 3560 peregrinandi,
507 3480 556 3542 vel
583 3479 755 3543 laborandi
780 3498 839 3562 pro
862 3492 1036 3541 conserva·

31 3559 108 3628 tinne
141 3566 303 3646 cornuria,
335 3567 386 3631 vel
419 3567 570 3650 spiritus,
606 3573 639 3632 et
668 3568 765 3633 simul
789 3569 942 3652 Jejunare
965 3583 1034 3631 nou

31 3655 166 3738 leserat,
191 3660 401 3739 excusantur,
425 3665 459 3728 et
482 3658 613 3730 videtur
640 3659 881 3726 recurrendum
904 3655 947 3724 ad
970 3652 1037 3729 dia·
