2622 4210
313 117 380 185 250
586 131 629 182 rx
654 127 822 182 secanae
847 127 1026 182 sncuuon

291 267 432 336 *Homo
459 289 520 353 per
548 266 777 352 prudentiam,
811 269 844 332 et
873 265 1044 332 Eubuliam
1075 266 1236 350 dirigitur
1262 287 1303 331 se·

174 355 177 360 ’
291 359 440 426 cundum
462 357 625 424 rationein
647 360 838 436 humanam,
865 376 939 440 quae
963 375 1031 423 nou
1054 361 1161 439 potest
1186 357 1303 436 omnia,

290 450 347 515 sed
371 469 429 531 per
451 452 514 515 hoc
536 450 661 514 donum
684 469 703 512 a
726 447 802 513 Deo.

269 538 383 606 Art..
362 539 384 582 0
387 536 467 606 ‚An
489 539 600 604 donam
629 539 752 603 consilii
780 536 960 620 respondeat
985 540 1100 606 oirtnti
1126 537 1302 620 prodentia

293 631 328 712 rt.
351 627 414 706 Sic,
441 648 514 694 eam
537 627 720 713 perficiens.
744 627 824 693 ltem
848 645 941 692 mens
964 629 1111 698 humana
1135 630 1201 693 hoc
1222 629 1303 692 dona

294 721 341 783 est
370 723 407 785 ut
436 722 540 797 mota,
555 737 636 801 quo
665 721 753 783 mota
776 736 810 781 se
834 720 961 796 movet;
992 717 1066 784 ideo
1093 736 1163 782 non
1188 716 1303 782 dicitur

294 812 512 892 praeceptum,
536 809 594 874 sed
614 807 806 885 consilium,
828 825 894 890 quo
918 810 1022 892 potest
1043 827 1078 874 se
1101 811 1136 874 ει
1158 807 1242 872 alios
1265 806 1303 872 di

291 899 400 982 rigere
421 917 497 965 cum
522 897 709 980 prudentia.

271 987 339 1056 Art.
364 988 395 1055 3.
418 987 467 1054 An
490 986 600 1053 donem
622 988 747 1053 consilii
769 991 892 1054 morcant
911 990 948 1054 in
964 989 1082 1055 Patria.
1102 991 1138 1073 ιι.
1154 986 1220 1064 Sic
1237 1005 1303 1090 qua

293 1082 390 1143 tenus
413 1099 432 1144 a
456 1077 520 1142 Deo
543 1077 759 1142 continuatur
781 1075 924 1180 cognitio
948 1097 1080 1156 eorum,
1105 1097 1182 1163 quae
1206 1077 1303 1143 sciun

295 1171 365 1247 tur,
390 1173 422 1232 et
445 1166 677 1233 illuminantur
699 1167 849 1234 homines
871 1167 958 1233 circa
982 1188 1034 1246 ea,
1062 1187 1137 1251 quae
1161 1167 1300 1231 nesciun

297 1256 332 1322 in
355 1257 490 1341 agendis
512 1257 583 1322 sine
599 1257 774 1334 anxietate,
791 1261 824 1323 ει
838 1257 885 1322 sic
899 1257 994 1322 aliter
1008 1257 1043 1322 in
1061 1257 1125 1333 via,
1146 1256 1245 1321 aliter
1262 1254 1303 1323 ibi

273 1345 340 1414 Art.
365 1346 397 1412 li.
420 1346 470 1413 An
492 1349 600 1430 quinta
623 1346 790 1426 beatitudo,
814 1348 928 1426 idest,
956 1347 1167 1416 misericordia
1196 1365 1303 1430 respon

296 1436 366 1506 aar
384 1437 461 1504 dano
484 1439 618 1504 consilii.
642 1439 678 1521 rt.
701 1437 763 1514 Sic,
787 1442 825 1502 ut
847 1437 1014 1522 dirigenti.

654 1615 832 1702 punsuo
862 1616 935 1684 unu
1061 1570 1066 1583 ’

286 1803 378 1869 De
400 1802 571 1868 vitiis
594 1798 961 1882 prudentiae
986 1802 1303 1882 opposiciS.

274 1981 341 2049 Art.
369 1979 469 2048 lala
492 1979 698 2064 imprudentia
719 1983 763 2045 sit
779 1985 945 2065 peccatam.
971 1982 1006 2065 sl.
1025 1979 1062 2046 si
1085 1981 1243 2045 sumatur
1260 1989 1303 2062 prt

202 2149 206 2152 ,
296 2070 443 2137 carentia
466 2071 653 2153 prudentiae
677 2089 776 2154 quam
799 2070 874 2154 quis
887 2075 1002 2152 potest,
1018 2073 1051 2134 et
1067 2070 1167 2135 debet
1183 2071 1302 2134 habere

298 2165 348 2226 cst
370 2165 541 2244 peccatum
569 2161 696 2225 ratione
728 2161 951 2244 negligentia,
981 2159 1058 2243 quia
1088 2179 1156 2224 non
1186 2157 1302 2223 curavi

297 2268 373 2315 oum
397 2255 521 2332 posset:
543 2248 571 2313 si
594 2253 744 2315 sumatur
766 2248 948 2327 contrarie,
976 2248 1099 2328 idest,
1129 2248 1210 2333 quia
1235 2245 1302 2312 rati

298 2359 366 2406 non
391 2339 458 2423 agit
480 2341 596 2404 contra
619 2340 754 2404 modurn
778 2339 982 2423 prudentie,
1011 2344 1059 2404 cst
1084 2338 1219 2421 proprie
1245 2355 1302 2420 pec

298 2433 424 2506 catum,
455 2432 488 2493 ct
516 2427 543 2492 si
572 2429 693 2494 avertit
715 2449 734 2493 a
758 2428 878 2513 regulis
905 2428 1045 2506 divinis,
1068 2432 1117 2492 est
1143 2435 1302 2510 peccatur

300 2518 454 2585 mortale:
490 2521 528 2583 ut
561 2518 619 2603 qui
651 2517 836 2583 contemnit
870 2517 986 2584 divina
1019 2519 1221 2583 documenta
1254 2515 1302 2602 agi

298 2608 558 2693 praecipitanter,
590 2608 648 2672 sed
675 2607 703 2672 si
733 2608 805 2672 sine
831 2611 1098 2691 contemptu,·et
1119 2607 1192 2671 sinc
1216 2603 1302 2671 detri

299 2702 412 2764 mento
434 2697 560 2778 salutis,
580 2701 630 2762 εει
651 2702 821 2780 peccatum
845 2696 983 2762 veniale.
1007 2698 1087 2762 ltem
1122 2696 1302 2778 impruden

298 2788 345 2856 tia
367 2787 520 2872 negativa
543 2788 701 2853 naturalis
725 2807 793 2853 non
817 2791 865 2852 est
889 2791 1068 2868 peccatum.

215 2939 217 2947 ,
275 2877 345 2945 Art.
368 2877 399 2944 2.
423 2877 473 2944 An
496 2877 701 2960 impendentia
722 2880 767 2942 ait
785 2879 913 2960 speciale
926 2885 1092 2961 peccatam,
1109 2878 1145 2958 ιι.
1160 2875 1224 2954 Sic,
1241 2875 1302 2961 quit

298 2971 347 3032 cst
369 2968 456 3032 circa
479 2972 571 3033 actus
593 2968 747 3051 speciales
770 2966 918 3046 rationis,
941 2970 975 3032 ει
997 2964 1179 3050 opponitur
1197 2966 1302 3032 virtut

299 3056 502 3139 prudentiae;
525 3058 583 3122 sed
606 3077 665 3141 per
690 3056 974 3140 participationem
998 3061 1047 3122 est
1071 3059 1245 3140 peccatum
1267 3073 1302 3140 ge

300 3146 426 3222 nerale,
456 3148 489 3209 ει
518 3150 567 3210 εει
597 3146 632 3211 in
663 3147 816 3212 omnibus
840 3146 996 3230 peccatis,
1020 3149 1054 3212 et
1076 3147 1176 3211 habet
1198 3147 1263 3210 sub
1285 3163 1301 3208 s

299 3235 418 3301 multas
440 3234 573 3317 species,
596 3235 681 3300 sicut
704 3236 891 3318 prudentia,
915 3240 954 3300 ut
977 3235 1057 3301 dixi.

277 3324 345 3392 Art.
369 3323 400 3392 3.
423 3326 473 3390 An
497 3327 702 3410 precipitante
729 3328 771 3391 sit
795 3333 947 3407 peccatum
977 3331 1153 3394 connatam
1177 3324 1233 3392 aaa
1265 3329 1301 3391 in

297 3414 473 3498 madentia.
498 3415 533 3498 ri.
556 3414 618 3494 Sic,
646 3415 723 3498 quia
753 3415 941 3480 inordinate
970 3416 1042 3482 sine
1071 3413 1204 3493 mediis,
1233 3415 1301 3480 rati

301 3504 370 3570 ruit
393 3504 428 3569 in
453 3503 618 3570 ultimum.

278 3592 742 3662 incantamentorum
772 3597 816 3662 ait
842 3603 995 3679 peccatone
1024 3597 1152 3680 speciale
1180 3595 1233 3662 sol
1263 3600 1301 3662 in

299 3683 473 3767 prodentia.
491 3685 526 3766 ει.
542 3682 604 3761 Sic,
619 3685 698 3770 quia
716 3690 764 3750 est
779 3685 923 3752 delectus
940 3685 1022 3754 rccti
1036 3685 1166 3770 judicii,
1180 3687 1301 3771 quande

303 3775 400 3839 homo
423 3772 558 3859 negligit
580 3773 753 3841 discutere.
