2636 4202
412 177 492 230 nrvr
513 177 661 230 aueum.
968 157 1011 225 ta

68 299 102 358 at
119 295 269 380 equalitas
290 295 325 362 in
350 295 457 374 Patre,
482 293 572 375 Filio,
596 300 630 361 et
651 295 776 378 Spiritu
792 294 921 374 Sanrtn,
938 294 1054 360 eadem

67 386 209 464 eternitas,
232 387 438 470 magnitudo,
461 385 619 470 potentia.
647 385 727 450 item
751 383 847 452 Pater
869 388 919 449 est
943 403 1053 469 aequa-

68 473 103 552 lis,
120 480 147 538 et
164 475 272 542 similis
295 477 373 555 tilio,
398 475 475 563 quia
498 475 532 541 in
558 476 707 552 essentia,
731 476 873 541 sednon
891 480 1053 558 equatur,

67 564 104 626 rel
121 563 269 632 similatur
292 567 371 645 tilio,
395 566 474 650 quia
496 563 664 631 diceretur
688 564 813 648 aliquid
835 583 894 647 per
914 565 1066 642 modumv

68 657 162 733 uotus;
182 656 236 720 sed
259 657 358 723 Filius
382 660 532 740 aequatur
555 655 653 734 Patri,
677 653 755 739 quia
774 653 892 737 aeeipit
908 673 927 718 a
943 653 1053 730 Patre,

67 747 90 806 et
106 743 185 809 Pater
206 765 271 812 non
296 767 315 812 a
341 743 430 810 lidio.
460 744 539 810 ltem
570 734 738 829 aequalitas
770 761 839 809 non
867 746 914 806 est
932 744 1052 822 ,solum

68 833 167 912 relatio,
198 837 254 902 sed
287 835 370 902 dioit
402 834 502 900 etlam
536 833 785 900 distinctionem
817 851 1053 915 personarum,

68 921 124 1023 puio
149 924 221 990 nihil
251 930 302 992 est
328 924 453 1007 sibiipsi
481 925 620 1008 aequale3
646 928 679 989 et
702 923 864 988 unitatem
887 921 1053 999 essentiae,

54 1014 607 1188 Amallmffnarsuplttoeffdgffit
626 1109 775 1170 anatona
802 1119 857 1170 suo
879 1103 1053 1187 principio,
1165 1161 1176 1177 Ι

68 1191 192 1259 erutos
211 1195 312 1262 Patri.
335 1196 372 1279 ri.
394 1193 457 1271 Sic,
480 1194 558 1278 quia
574 1193 669 1260 Pater
686 1211 753 1259 non
773 1197 912 1278 generat
935 1192 1054 1258 Filium

69 1279 218 1362 rdnntue,
250 1286 306 1350 vel
341 1283 468 1351 aetione
501 1283 698 1349 successiva:
736 1283 824 1349 idem
858 1283 900 1348 de
930 1282 1055 1365 Spiritu

69 1366 168 1438 Saneto.
189 1372 263 1440 ltem
287 1373 386 1439 Pater
406 1391 537 1457 semper
559 1377 709 1457 generat,
737 1377 770 1438 et
794 1371 893 1437 Filius
916 1391 1054 1456 genera·

71 1459 119 1536 tor,
146 1466 175 1526 et
204 1462 344 1547 Spiritus
370 1462 515 1530 'Sanetus
548 1463 711 1546 spiratur,
735 1465 769 1526 et
792 1462 961 1546 generatio
984 1461 1055 1527 Filii

70 1565 120 1614 non
139 1548 251 1635 ineipit,
276 1571 341 1620 nee
363 1553 469 1619 estin
495 1571 587 1618 nune
610 1551 777 1634 temporis,
807 1551 866 1616 sed
895 1551 930 1616 in
960 1555 1056 1616 aeter·

71 1637 160 1717 niae,
185 1647 216 1707 et
245 1643 364 1708 mdiu
391 1642 514 1709 dieitur
542 1639 641 1708 Filius
662 1658 794 1725 semper
817 1645 930 1720 natus,
955 1659 1055 1726 quam

71 1727 193 1796 nueitnr.

58 1811 103 1882 lrt.
119 1817 145 1884 3.
163 1818 206 1888 Aa
228 1822 263 1889 io
286 1821 403 1890 divinis
422 1825 561 1906 personia
583 1819 720 1889 aitardo
748 1828 876 1888 antero.
905 1821 941 1906 rt.
966 1819 1055 1899 lton,

72 1907 127 1986 qnia
144 1915 217 1976 esset
238 1912 405 1995 prioritas,
427 1914 487 1979 sed
509 1917 559 1980 est
582 1913 663 1978 ordo
686 1910 836 1994 originis,
861 1910 896 1975 id
919 1911 978 1989 est,
1002 1910 1057 1974 hio

72 1997 213 2081 etaltera,
236 2002 315 2068 lieet
338 2000 447 2086 aliquo
471 2003 571 2068 modo
594 2001 660 2068 diei
685 2000 786 2085 possit
808 1997 891 2065 ordo
915 2003 1056 2079 naturae,

72 2087 94 2146 tt
110 2088 205 2156 nelina
227 2109 328 2174 qnam
352 2093 434 2157 ordo
457 2091 616 2160 essentiae.
695 2127 704 2142 ·

29 2251 32 2262 ‚
59 2167 104 2241 ln.
120 2176 145 2244 t.
164 2179 208 2249 Aa
229 2182 333 2249 lilim
355 2183 399 2248 sit
418 2183 543 2265 oppetis
566 2183 656 2248 Patri
682 2178 843 2248 secondom
870 2181 1055 2263 mopattodi·

72 2279 126 2332 tem
146 2269 176 2352 rt.
196 2269 261 2351 ste,
286 2277 320 2337 et
342 2273 385 2338 ab
408 2277 549 2351 aeterno,
574 2271 652 2356 quia
676 2270 875 2354 magnitudo·
893 2270 1057 2353 signifieat

74 2355 170 2424 anum
190 2361 425 2443 perfectionem
449 2365 596 2440 naturae,
624 2379 685 2426 nee
709 2361 773 2424 tuit
795 2360 960 2442 perfectus
983 2379 1056 2424 sue·

74 2445 172 2512 lasiae
200 2449 279 2517 ltem
311 2451 492 2535 equalitas,
521 2452 573 2516 vel
597 2449 778 2515 similitudo
802 2449 837 2513 in
861 2448 985 2513 divinis
1008 2451 1056 2513 est

74 2538 216 2605 aornim
238 2541 425 2619 essentiam,
449 2559 517 2606 non
542 2539 745 2607 relationem.
770 2537 850 2602 ltem
870 2537 1054 2603 Paternitaa

75 2627 106 2686 ot
122 2626 245 2710 dignitas
268 2630 383 2706 Patris,
403 2649 477 2714 quae
495 2629 638 2714 dignitas
654 2633 705 2694 est
720 2627 867 2694 absoluta
884 2626 1056 2710 pertinens

76 2710 103 2774 td
118 2719 282 2797 essentiam,
306 2718 408 2785 etsie
432 2719 523 2784 nulla
546 2719 690 2802 dignitas
713 2721 761 2783 est
785 2717 819 2783 in
844 2715 956 2797 Patre,
980 2735 1054 2800 quae

76 2806 172 2870 nonsit
192 2809 224 2874 in
249 2810 346 2890 Fili03
370 2808 416 2874 sie
438 2809 479 2872 de
502 2809 661 2874 filiatione
685 2808 720 2874 in
745 2807 835 2872 Filio.

64 2883 209 2964 little
231 2899 333 2966 Filias
355 2901 399 2964 sit
427 2901 462 2965 in
492 2898 600 2978 Patre,
631 2907 662 2963 et
690 2917 706 2963 e
735 2915 888 2963 oenomao.
919 2897 955 2980 rt.
986 2895 1055 2975 Sio,

76 2985 218 3053 erundum
249 2989 439 3065 essentiam,
472 2989 681 3066 relationem,
713 2991 747 3052 et
776 2987 955 3070 originem,
979 2985 1057 3070 quia

77 3062 143 3168 later
161 3081 203 3142 ost
223 3095 283 3145 aua
306 3077 456 3156 essentia,
470 3078 565 3143 sieut
589 3076 702 3154 Filius,
726 3079 760 3141 et
783 3075 1057 3142 unum-eorrela·

78 3157 153 3228 tisun
172 3171 215 3232 eat
236 3167 271 3235 in
295 3169 359 3236 alio
382 3169 566 3234 seeundum
589 3166 813 3245 intellectum,
837 3169 871 3230 et
893 3164 1057 3249 processio

78 3240 226 3324 lerhinon
249 3263 299 3324 est
321 3257 403 3342 qnid
426 3261 535 3335 extra,
566 3257 625 3322 sed
655 3259 768 3322 manet
791 3255 826 3320 in
850 3254 1000 3335 dicente,
1024 3256 1057 3320 et

78 3339 141 3442 §illd
158 3343 254 3414 Verbo
276 3347 411 3425 dieitur,
426 3347 470 3413 tn
494 3346 601 3414 Verbo
623 3346 827 3412 continetur.

103 3425 163 3508 (lna
181 3434 214 3502 in
236 3436 397 3504 creaturis
418 3440 498 3526 sunt
516 3456 584 3503 non
600 3435 802 3502 snttioienter
817 3436 1058 3519 repraesentant

78 3528 111 3590 tt.
127 3537 187 3603 pne
206 3525 262 3594 llei
284 3530 374 3594 aunt.
404 3524 483 3592 item
514 3527 609 3594 Pater
633 3529 665 3592 et
689 3523 788 3607 Filius
811 3545 880 3592 non
901 3527 982 3590 sunt
999 3540 1056 3605 op·

80 3605 155 3702 1111111
175 3619 354 3685 seeundum
380 3617 571 3696 essentiam,
595 3619 629 3681 et
651 3615 727 3682 ideo
749 3633 835 3682 unus
859 3616 965 3699 potest
988 3629 1058 3678 esse

82 3698 367 3776 tratemundum
389 3701 573 3789 moriad,
597 3708 631 3797 et
652 3705 855 3774 relationem.
