2652 4198
228 79 314 150 tot
470 141 487 174 ,Ν
529 97 575 150 nx
599 95 712 151 parua
737 93 915 178 sncunora

226 235 270 317 ri:
280 233 366 317 lion,
388 234 467 319 quia
481 237 588 302 bonor
604 255 673 303 non
689 235 790 304 estin
807 237 981 318 honorato,
998 239 1032 304 et
1046 238 1096 304 est
1109 235 1271 322 signum
1315 237 1316 316 l

224 324 427 393 excellentiae
450 324 590 412 cogntus
613 328 656 394 ab
678 327 752 395 alio.
1128 335 1132 340 '

213 411 241 445 ¹*
261 413 373 481 Honor
402 435 472 484 non
506 419 555 482 est
588 417 761 500 premium
797 415 947 502 uirtutis,
982 419 1118 502 propter
1154 419 1269 503 quod

223 505 322 571 bomo
345 510 512 590 operatur,
534 506 730 573 esset'enim
752 505 955 590 ambitiosus,
978 508 1038 578 sed
1059 507 1160 575 datur
1178 507 1270 574 vir·
1315 545 1316 548 π

222 593 297 675 tuti,
320 594 398 680 quia
421 614 489 665 non
513 597 671 664 habemus
694 596 776 702 quid
798 599 914 683 majus.

198 682 266 751 Art.
284 683 323 762 a.
345 683 394 752 Aa
409 685 569 754 'beatitudo
591 689 724 754 uomicas
746 689 952 756 narratoria
973 689 1072 772 tomo,
1102 687 1155 754 sau
1181 690 1267 772 olo·

221 775 281 842 rio.
308 777 343 859 ri.
366 775 455 858 Non,
478 776 555 861 quia
576 796 664 862 saepe
685 781 764 844 sunt
795 777 890 859 faba,
925 781 958 844 et
988 777 1160 846 beatitudo
1200 784 1267 846 est

220 866 348 933 bonurn
371 885 500 932 verum.
523 867 723 952 ltemrgloria
737 869 786 933 eat
801 868 889 936 clara
904 867 1022 936 notitia
1037 885 1114 934 cum
1129 867 1264 951 laude,

200 973 296 1042 quae
318 960 473 1024 causatur
495 975 514 1023 a
538 955 759 1038 beatitudine;
783 975 861 1044 ergo
885 961 918 1023 et
933 960 1080 1026 humana
1094 975 1114 1024 a
1129 959 1262 1026 rebus.

180 1119 182 1126 Α
218 1045 301 1132 ltcm
336 1049 443 1132 potest
475 1045 559 1126 dici,
593 1047 684 1132 quod
712 1048 883 1115 beatitudo
913 1047 1056 1116 bominis
1078 1047 1121 1115 sit
1142 1047 1180 1114 in
1212 1069 1263 1118 ea

219 1137 320 1218 lama,
350 1155 424 1227 quae
452 1139 594 1204 babetur
616 1138 706 1221 apud
728 1137 851 1217 Deum,
875 1141 913 1204 ut
934 1137 971 1205 ln
995 1157 1101 1218 causa,
1125 1140 1159 1202 et
1184 1157 1264 1206 no-

219 1227 291 1293 titia
324 1225 384 1293 Dei
417 1227 485 1293 falli
520 1245 599 1294 non¹
624 1231 741 1312 potest.
771 1225 853 1295 ltem
882 1229 972 1296 lama
994 1227 1081 1296 taciti
1103 1245 1260 1296 rumore

218 1315 387 1400 perditur,
422 1320 456 1382 et
488 1321 679 1400 perseverat
706 1336 767 1404 per
795 1317 964 1400 accidens,
987 1319 1046 1387 sed
1070 1317 1259 1398 beatitudo

210 1409 267 1472 'est
287 1405 415 1473 stabilis
438 1424 498 1490 per
519 1427 563 1473 se.
890 1489 892 1496 Α

194 1494 263 1565 Aet.
287 1495 319 1564 l.
342 1495 392 1563 Aa
409 1497 561 1566 beatitudo
574 1500 708 1566 taminia
720 1501 871 1567 coaretatur
883 1501 919 1566 ia
930 1506 1088 1584 westou.
1105 1497 1140 1584 ri.
1156 1497 1257 1584 Non,

217 1585 294 1672 quia
317 1590 366 1652 est
388 1587 486 1672 plena
509 1588 653 1674 timoris,
682 1591 782 1656 babet
804 1589 969 1658 rationem
993 1587 1172 1678 principii,
1191 1597 1256 1657 est

216 1675 260 1743 ad
282 1677 419 1759 bonum,
443 1681 479 1744 et
499 1679 634 1760 malum,
657 1680 716 1747 sed
739 1679 908 1748 beatitudo
930 1681 1049 1748 contra
1070 1681 1119 1746 est
1141 1679 1249 1760 linis,

216 1770 250 1834 et
273 1768 410 1834 bonum.
694 1835 697 1842 Δ

216 1859 227 1882 ’
251 1855 286 1924 ln
310 1855 377 1925 Deo
401 1857 517 1928 divina
540 1862 682 1946 potestas
705 1862 754 1927 est
776 1878 836 1927 sua
858 1858 1006 1944 bonitas,
1038 1879 1107 1930 non
1130 1858 1178 1926 sic
1202 1859 1249 1929 in
1284 1859 1288 1867 '

214 1947 362 2016 bomine.
778 1993 782 2000 ·
1128 2018 1134 2025 .

191 2031 259 2106 Art.
282 2035 315 2105 a.
343 2040 393 2108 Au
417 2037 569 2108 beatitudo
598 2042 810 2108 consistatis
844 2038 955 2127 aliuco
975 2043 1114 2128 eorporis
1148 2037 1246 2111 torto.

215 2129 250 2212 ri.
271 2125 359 2218 lton,
388 2130 466 2215 quia
489 2132 557 2196 ess'e
579 2129 727 2214 corporis
749 2119 927 2198 ordinatur
949 2133 993 2200 ad
1011 2131 1180 2212 animam,
1204 2137 1246 2209 et

214 2216 249 2283 in
285 2217 396 2284 multis
430 2218 526 2285 bonis
560 2219 709 2305 corporis
745 2225 978 2304 superstans
1014 2221 1148 2301 belluis;
1175 2223 1242 2288 sed

101 2317 103 2320 ·
212 2305 382 2375 beatitudo
405 2310 453 2373 est
476 2307 511 2384 in
536 2309 754 2389 ultimotine,
778 2309 895 2393 idest,
918 2309 997 2378 Deo.

190 2393 258 2465 Aet.
283 2396 315 2464 6.
332 2395 381 2465 Aa
397 2397 548 2466 beatitudo
560 2401 693 2467 bominis
708 2401 857 2468 evastaret
869 2403 904 2469 ia
917 2400 1082 2486 uoluptate.
1099 2402 1134 2488 rt.
1149 2397 1238 2481 Non,

211 2487 340 2576 etiamsi
372 2489 546 2555 delectatio
579 2493 738 2576 sequatur
768 2491 895 2558 bonum
923 2489 1125 2576 perlectum,
1155 2489 1240 2574 quia

211 2576 385 2660 delectatio
407 2582 456 2644 est
477 2578 631 2648 accidens
653 2579 880 2661 beatitudinis,
902 2585 936 2647 et
959 2599 1028 2650 non
1052 2579 1238 2672 beatitudo.

211 2661 293 2734 item
312 2669 451 2736 “bonum
476 2687 590 2737 sensus
618 2672 667 2736 est
690 2670 907 2756 particulare,
930 2673 964 2738 et
986 2669 1238 2755 imperfectum,

210 2754 289 2841 quia
312 2757 347 2824 in
372 2759 518 2840 materia,
542 2759 671 2827 attalia
694 2759 846 2843 voluptas
868 2760 977 2827 tristes
1001 2763 1099 2828 babet
1114 2759 1237 2827 exitus.

187 2842 256 2915 Art.
280 2847 311 2916 7.
334 2847 386 2916 Au
408 2849 560 2918 beatitudo
582 2849 716 2920 uuus
737 2853 887 2920 consistat
901 2853 939 2918 ia
953 2849 1056 2935 utiquo
1072 2849 1148 2918 loao
1164 2853 1237 2918 orri-

124 2937 127 2941 ’
208 2956 274 3005 aaa.
301 2940 335 3023 rt.
360 2937 532 3010 Beatitudo
556 2940 719 3026 obiectiva
742 2961 821 3023 non,
839 2941 917 3027 quia
932 2944 982 3006 est
1004 2940 1141 3006 ultimus
1155 2939 1238 3007 linis

209 3027 339 3111 animae,
364 3031 397 3094 et
419 3030 531 3100 anima
553 3035 602 3099 est
625 3030 661 3098 in
685 3031 834 3116 potentia
855 3032 898 3109 ad
913 3029 997 3098 illud
1012 3031 1139 3100 bonum
1157 3030 1239 3096 uni·

208 3119 351 3199 versele,
381 3120 440 3196 sed
466 3123 504 3186 ut
525 3123 575 3188 est
600 3121 806 3201 consecutio,
834 3122 889 3189 vel
912 3137 990 3188 usus
1013 3119 1105 3200 finis,
1130 3119 1238 3188 beati·

207 3209 290 3276 tudo
313 3212 363 3275 est
384 3209 510 3295 aliquid
532 3205 663 3290 animae,
687 3209 723 3275 id
745 3213 803 3289 est,
828 3212 866 3277 ut
888 3230 965 3296 quo.

207 3297 222 3329 *
244 3297 589 3381 beatitudo‘amatur,
617 3302 655 3364 ut
677 3301 805 3368 bonum
827 3299 1061 3385 concupitum,
1084 3303 1119 3366 et
1140 3317 1235 3366 ama·

204 3407 281 3460 mus
303 3409 364 3459 nos
386 3385 471 3472 ipsos
490 3391 649 3474 tanquam
665 3388 783 3467 id,cui
801 3390 929 3456 bonum
952 3388 1230 3474 concupiscimus.

183 3477 253 3560 Art,
277 3479 310 3548 8.
338 3477 389 3548 Aa
419 3477 570 3548 beatitudo
600 3480 732 3548 uorsa
765 3481 914 3548 consutor
945 3483 982 3548 ia
1016 3477 1119 3566 aliquo
1153 3476 1232 3546 tour

206 3577 319 3639 erecto.
343 3571 378 3655 al.
401 3567 483 3652 Non,
507 3568 677 3656 quianon
701 3571 751 3635 ast
772 3571 899 3638 bonum
923 3568 1111 3638 universale
1136 3567 1233 3654 quie·

205 3663 282 3741 uns
304 3660 449 3744 perfecte
470 3659 655 3747 appetitura
678 3658 832 3745 bominis,
855 3659 914 3732 sed
937 3657 1234 3744 instaurans

206 3753 255 3818 est
277 3765 377 3822 omne
400 3751 535 3824 bonum.
