2604 4210
417 172 494 222 mvi
518 171 664 222 aucum.
949 122 1033 229 385·

19 304 81 372 lrt.
107 305 140 373 l.
167 307 219 373 An
243 309 417 374 incarnatio
440 310 484 374 eit
508 309 725 391 principaliter
752 307 792 374 od
819 306 974 376 delendam
994 327 1059 391 pcc·

39 405 140 462 cotnra
163 398 327 480 aripinala,
351 399 398 463 acl
420 399 546 464 actuale.
572 400 606 481 d.
629 399 678 466 Ad
699 398 824 476 omnia,
838 397 913 463 lieet
937 396 1061 480 priuci-

40 487 160 566 paliter
191 487 234 552 ad
267 485 444 570 originale:
478 487 556 572 quia
577 488 627 552 est
655 487 759 556 maiua
793 485 980 555 extensive:
1002 486 1066 557 sed.

39 575 167 640 actuale
190 580 239 639 est
262 575 365 641 maius
389 576 569 655 intensive,
598 575 676 661 quia
699 575 800 661 magis
823 575 1061 644 voluntarium.

40 663 159 730 *ltem
184 664 344 747 originale
368 685 436 732 nou
459 663 590 732 inducit
613 684 726 747 poenas
748 684 862 732 sensus
877 665 913 734 iu
937 661 1061 744 limbo,

39 755 96 819 sed
121 755 330 836 poenalitates
353 754 421 833 hie;
446 773 526 838 quas
549 754 694 822 Christus
713 753 896 837 assumpsit.

22 841 84 909 Art.
108 843 143 910 5.
167 841 217 910 Aa
240 842 377 910 dicerit
398 843 434 910 ab
464 845 558 911 initio
587 843 694 912 mandi
723 845 898 914 incantari.
924 843 962 928 d.
985 842 1057 915 Noa

42 939 77 996 nt
100 935 204 999 homo
227 933 468 1013 humiliaretur,
492 938 526 1000 ct
542 954 602 1017 pra
625 935 793 1004 maiestate
821 931 996 1003 venientis.

42 1018 117 1086 *lit
141 1022 285 1090 charitas
308 1023 461 1104 prolana
484 1029 517 1088 et
541 1027 689 1106 tempure
712 1025 770 1090 dat
793 1022 1004 1112 beneficium.

25 1109 86 1176 Art.
109 1110 144 1180 6.
168 1110 219 1178 Aa
240 1111 376 1180 debuerit
389 1111 510 1193 differri
523 1133 614 1198 napae
630 1112 669 1178 ad
681 1116 775 1197 finem
790 1111 909 1185 arandi·
925 1114 961 1198 d.
979 1109 1063 1192 Nan,

45 1201 120 1284 quia
144 1221 215 1268 nou
238 1201 434 1286 expediebat
455 1203 554 1270 saluti
577 1205 745 1273 humanae.

426 1413 605 1498 QUAEsrlo
631 1414 665 1481 ΙΙ.
845 1413 848 1422 “
937 1417 940 1424 ’

263 1617 354 1680 De
378 1613 558 1682 modo
582 1613 827 1678 unionis

276 1705 469 1770 Verbi
493 1703 814 1792 incarnati.
946 1716 949 1725 ’
1013 1705 1015 1714 “

31 1899 91 1968 Art.
116 1901 148 1967 l.
172 1898 223 1966 Aa
243 1900 318 1966 onio
341 1901 384 1965 sit
405 1901 487 1983 facto
511 1900 546 1964 ia
569 1885 693 1980 actara,
719 1896 796 1962 idest
816 1897 856 1963 ia'
875 1897 1013 1963 essentia.
1031 1896 1066 1982 it.

49 1990 133 2069 Nan,
158 1989 218 2056 sed
239 1987 393 2074 quaelibet
427 1992 570 2068 natura,
594 1987 679 2070 idest
702 1987 845 2080 diviua,
867 1992 901 2052 el
923 1988 1069 2073 humana

50 2085 94 2146 est
117 2079 265 2164 perlecta
287 2078 322 2144 in
347 2077 483 2158 Christo,
508 2080 542 2145 et
565 2097 633 2144 nou
649 2096 683 2142 se
706 2077 841 2158 habent,
856 2079 895 2142 ut
917 2065 1066 2166 materia,

51 2175 81 2236 et
102 2171 227 2247 forma,
259 2172 366 2235 esseut
396 2165 544 2235 enimin
568 2165 732 2252 patentia,
768 2185 830 2232 nec
864 2169 942 2233 sunt
965 2163 1068 2256 uuilae

50 2257 307 2338 accidentaliter,
330 2277 392 2326 uec
414 2257 541 2324 iaciunt
562 2256 698 2321 tertium
722 2255 813 2340 quid.

51 2345 171 2416 *Cum
201 2345 322 2416 dicitur
357 2351 476 2416 natura
499 2344 614 2412 diviua
648 2346 836 2424 incarnata,
866 2361 980 2412 sensus
1003 2348 1069 2423 est,

51 2439 111 2506 sibi
135 2436 248 2504 univit
268 2456 403 2504 cernam
427 2436 463 2503 iu
486 2454 643 2520 persona,
667 2439 699 2502 el
722 2455 790 2501 uon
815 2437 881 2517 est,
914 2435 1006 2520 quod
1026 2434 1070 2499 sit

52 2546 212 2595 conversa
234 2526 270 2591 iu
292 2545 450 2593 caruem:
485 2525 532 2592 sic
554 2524 677 2591 dieitur
699 2543 775 2594 caro
798 2523 964 2615 deificata,
987 2520 1071 2614 idest

54 2618 137 2687 uota
160 2615 229 2697 uei,
254 2616 444 2693 dan-Deus.
603 2695 604 2702 ἵ
756 2611 759 2620 ’
906 2697 909 2704 ‚
1028 2694 1041 2706 Ι,

35 2706 95 2774 Art.
119 2707 153 2774 Ξ.
177 2703 226 2771 An
249 2708 323 2774 nala
341 2702 443 2774 'oali
477 2706 575 2789 sarrit
607 2705 689 2788 sacta
718 2705 754 2770 ia
779 2719 920 2788 persana.
945 2695 980 2790 dl
1003 2701 1072 2790 Sip,

54 2796 128 2881 quia
154 2798 275 2862 natura
296 2794 459 2879 siguificat
482 2793 656 2860 essentiam
673 2793 801 2877 speciei,
819 2811 958 2877 persona
973 2792 1071 2885 signi·

54 2890 127 2952 licat
152 2888 260 2952 tolum
284 2887 408 2952 habens
431 2889 601 2964 naturam,
625 2883 711 2976 sieut
734 2887 861 2967 partem
884 2881 1072 2963 formalem,

54 2981 85 3040 et
109 2973 328 3060 perfectivam
356 2975 419 3040 sui.
451 2971 533 3043 Cum
563 2992 641 3061 ergo
672 2975 817 3038 humana
854 2975 973 3050 natura
1005 2992 1073 3038 non

55 3065 219 3148 pertineat
241 3064 284 3131 ad
307 3064 482 3132 essentiam
496 3061 605 3143 Verbi,
628 3061 808 3146 pertinebit
822 3058 866 3146 ad
889 3079 1073 3148 personam,

56 3152 202 3240 alioquin
226 3153 318 3223 nullo
343 3155 441 3222 moda
465 3156 513 3220 est
536 3151 630 3220 unite
653 3151 770 3220 Verba.
812 3207 815 3212 .
888 3234 891 3240 ι
967 3211 969 3216 .

58 3244 125 3312 “ln
151 3242 219 3309 Dea
242 3249 374 3324 natura,
396 3248 429 3311 et
451 3242 656 3326 suppositum
680 3243 768 3308 idem
792 3246 870 3309 sunt
892 3233 1075 3327 secuudum

59 3352 137 3412 rem,
161 3333 220 3398 sed
243 3333 402 3402 differunt
425 3331 568 3414 ratione,
593 3352 666 3418 quae
700 3331 831 3412 suflicit,
856 3336 892 3405 ul
915 3330 972 3396 liat
995 3326 1075 3408 unia

59 3423 413 3596 {inpiifflniidiii
438 3417 1077 3588 {tt{a,tttdttl‘ttdtdlmo

60 3602 145 3669 dicit·
162 3601 376 3688 existentiam
384 3534 446 3691 -yinp
456 3603 576 3684 se„sed
599 3606 719 3692 natura
734 3533 879 3692 aduena
902 3558 1077 3701 periecbius

61 3690 170 3760 existit
192 3692 228 3760 iu
251 3690 373 3778 Verba„
391 3697 430 3778 ut
452 3693 488 3766 ia
512 3689 684 3774 nobiliori,
707 3693 741 3774 el
763 3677 906 3790 digniori
928 3689 1099 3798 scellam

8 3823 9 3838 ¹
124 3798 203 3868 Dlai
230 3797 355 3870 mono.
944 3791 991 3866 25
