2604 4210
436 129 515 183 nrvr
538 129 685 186 rnoun.
968 117 1030 187 cll

54 269 126 332 eius
150 265 265 334 anima
287 270 363 334 actu
384 266 542 333 informat
574 284 711 352 corpus,
733 268 791 333 sed
814 287 882 334 non
906 274 943 335 ut
965 271 1079 338 utatur

55 356 212 423 sensibus
233 355 389 440 corporis,
413 375 522 440 neque
545 357 790 442 imaginatione,
814 362 895 425 tuuc
910 363 1025 443 potest,
1041 366 1080 428 ut

56 446 181 512 accidit
202 449 316 512 sancto
339 445 439 510 Paulo
460 445 496 512 in
520 451 628 530 raptu,
644 450 679 512 et
700 451 749 512 est
762 465 935 530 supremus
958 452 1079 534 gradus

56 535 349 618 contemplationis
372 533 446 599 viae.

36 623 102 692 Art.
127 624 162 692 6.
186 622 236 692 An
252 626 385 708 opcrntio
408 627 671 709 contemplationis
685 629 898 693 convenienter
912 625 1081 712 dirtinpnn·

58 723 110 780 tar·
131 733 198 798 per.
220 722 282 781 tras
314 721 430 796 mctna,
465 715 542 781 idest
573 715 771 798 circatorem,
806 722 920 783 rutum
950 724 982 784 ct
1002 719 1080 785 otti·

58 823 163 886 punm.
189 806 223 888 ιι.
247 803 300 869 Sic
332 804 608 883 similitudinarie,
631 805 716 870 idest
748 807 981 889 contemplatio
1005 809 1081 874 uni·

58 894 175 958 formis
199 892 321 958 dicitur
343 892 528 973 circularis;
552 894 686 977 quando
709 898 758 959 est
775 895 818 960 ab
833 913 900 960 uno
924 895 959 961 in
975 897 1078 976 aliud,

60 986 167 1063 recta;
204 981 348 1065 denique
381 981 503 1048 dicitur
520 983 684 1068 tentique,
719 985 811 1068 quasi
834 985 1011 1068 composita
1039 1005 1081 1052 ex

61 1076 215 1155 utroque.
779 1086 783 1096 ‘

40 1157 101 1228 Art.
137 1161 171 1227 7.
211 1159 261 1227 An
293 1162 505 1243 contemplatio
544 1161 651 1228 tutent
691 1161 926 1230 modiationem.
951 1165 985 1247 ιι.
1017 1164 1079 1245 Sic,

62 1255 133 1316 tum
149 1251 229 1336 quia
245 1253 294 1314 est
307 1251 453 1332 operatio
469 1252 691 1317 connaturalis
707 1253 838 1330 rationi,
850 1257 883 1318 et
894 1254 937 1318 de
953 1253 1080 1321 obiecto

62 1345 181 1406 amato.

44 1426 105 1497 Art.
129 1429 163 1497 8.
182 1427 231 1496 An
253 1432 322 1496 cito
339 1430 571 1513 contemplation
593 1432 637 1496 sit
656 1430 813 1498 diuturno.
832 1432 866 1516 ιι.
891 1431 1079 1498 Secundum

61 1537 94 1582 sc
115 1521 173 1596 sic,
198 1518 276 1603 qnia
299 1524 348 1584 est
370 1519 457 1585 circa
480 1520 760 1602 incorruptibilia,
796 1540 858 1587 nec
881 1521 980 1585 habet
1002 1540 1080 1587 con·

64 1608 276 1674 trarietatem.
301 1608 380 1674 ltem
404 1607 502 1674 etiam
520 1610 554 1674 in
573 1609 676 1688 nobis,
689 1609 766 1693 quia
781 1615 831 1674 est
853 1610 937 1675 actio
960 1610 1079 1676 animae

64 1695 340 1781 incorruptibiliS,
375 1717 437 1763 nec
469 1717 607 1781 corpore
641 1699 840 1777 laboramus,
878 1698 954 1764 licet
989 1701 1079 1784 quod

64 1804 156 1852 suum
181 1805 349 1853 summum
372 1787 431 1852 diu
454 1788 576 1854 durare
598 1806 667 1854 non
692 1790 807 1870 potest.

383 1963 562 2050 QUAESTlO
585 1964 740 2034 ccxxxi.

320 2149 411 2212 De
436 2148 562 2210 vita
587 2147 803 2215 activa.
831 2223 834 2230 ¹

50 2321 106 2390 lrt.
128 2326 160 2393 l.
184 2323 234 2392 An
257 2343 357 2392 carnea
386 2332 471 2392 actas
493 2327 644 2391 virtutum
672 2324 834 2390 moratium
865 2327 1022 2406 pertineat
1041 2345 1080 2390 aa

68 2417 157 2481 sitnm
181 2417 322 2482 catinam.
346 2416 382 2498 ιι.
404 2413 467 2493 Sic,
489 2414 568 2498 quia
590 2414 687 2480 huius
710 2414 785 2480 linis
801 2417 849 2478 est
864 2413 1021 2497 operatio,
1036 2416 1079 2480 ad

67 2521 161 2585 quam
185 2505 388 2570 ordinantur
411 2522 526 2568 omncs
549 2504 688 2568 virtutes
722 2503 874 2582 morales,
898 2506 931 2566 et
953 2503 996 2568 ad
1018 2504 1079 2568 tol·

67 2591 159 2662 lenda
183 2593 278 2662 vitia.
302 2592 382 2659 ltem
405 2594 587 2675 disponunt
609 2593 652 2658 ad
678 2590 979 2675 contemplativam,
993 2595 1027 2658 et
1043 2595 1080 2659 ut

66 2681 106 2746 sic
125 2688 217 2750 sunt
231 2685 294 2748 sub
319 2701 368 2748 ca.

51 2767 105 2838 lrt.
126 2773 161 2842 2.
183 2772 235 2839 An
256 2771 421 2856 prurientia
440 2772 654 2854 pertinaciae
674 2773 769 2838 citam
791 2772 931 2838 cannam.
958 2772 994 2854 ιι.
1016 2769 1078 2849 Sic,

67 2863 137 2942 quia
161 2868 212 2928 est
234 2867 324 2927 recta
347 2861 431 2928 ratio
453 2861 632 2945 agibilium,
656 2865 689 2926 ct
711 2859 886 2927 ordinatur
901 2860 943 2926 ad
966 2877 1079 2944 opera·

69 2950 169 3019 tiones
190 2951 356 3017 virtutum
380 2951 565 3017 moralium.

51 3036 107 3107 lrt.
130 3041 163 3109 3.
186 3040 238 3107 An
260 3040 362 3107 docnt
388 3042 431 3105 ait
452 3046 536 3107 αιιιιι
565 3042 635 3106 nito
668 3041 788 3120 actico,
822 3039 871 3106 uel
899 3039 1080 3122 contemplo-

72 3133 142 3198 tinc.
168 3132 205 3214 ιι.
229 3129 269 3196 Ut
290 3135 340 3196 est
361 3149 469 3196 sermo
493 3130 660 3195 instruens
694 3130 901 3206 audientem,
936 3131 1081 3212 pertinet

71 3223 106 3285 ad
128 3221 271 3285 activam
280 3239 289 3300 ;
324 3223 362 3284 ut
384 3224 432 3284 cst
454 3220 594 3284 interior
627 3219 764 3308 locutio,
798 3219 882 3284 idest
908 3217 1079 3301 conceptio

72 3310 225 3388 veritatis,
248 3327 430 3393 perquam
454 3309 489 3373 in
512 3307 668 3374 exteriori
692 3313 767 3373 actu
791 3305 963 3390 dirigatur,
979 3307 1080 3388 perti·

72 3405 122 3463 net
145 3400 188 3464 ad
212 3398 372 3477 activam;
394 3398 420 3462 si
444 3403 482 3462 ut
497 3399 678 3464 delectetur
692 3398 797 3462 solum
814 3397 848 3461 in
864 3395 1079 3479 conceptione

73 3486 226 3566 veritatis,
251 3489 396 3571 pertinet
417 3488 460 3552 ad
483 3486 783 3570 contemplativam.

57 3573 110 3644 ιιι.
133 3578 165 3644 t.
188 3576 240 3644 An
262 3580 327 3644 oitn
348 3579 447 3644 activo
469 3584 592 3644 manant
606 3585 679 3662 post
698 3580 776 3643 tanc
805 3576 908 3640 nilon.
934 3577 969 3659 ιι.
992 3575 1077 3653 Νοιι,

73 3667 140 3750 quia
163 3666 202 3734 in
228 3667 340 3735 lutura
355 3667 423 3734 vita
447 3673 550 3734 ccmat
563 3669 648 3746 linis,
661 3666 783 3751 qui-est
805 3665 839 3728 in
863 3663 1079 3732 exterioribus

70 3755 195 3824 attium.
