2614 4190
342 157 345 164 Δ
407 221 409 226 ,
454 148 532 200 nrvr
556 141 703 198 ranan.
967 120 1048 196 stit

71 267 207 346 nni'ons;
230 267 414 334 secondum
439 265 619 332 terminum
642 261 700 342 sio,
722 261 800 346 quia
821 260 911 334 Dens
924 263 979 345 ⁴ab
999 265 1094 344 pter·

73 379 116 424 no
148 355 413 441 praedestinavit,
449 359 486 420 ut
513 359 624 420 nostra
661 352 747 418 satus
785 353 1006 436 compleretur
1034 367 1096 436 per

72 446 259 526 Christum,
281 446 359 531 quia
380 447 443 512 sub
466 441 754 528 praedestinatione
787 441 875 509 eadit
904 441 1004 518 etiam
1027 459 1098 508 mo·

73 537 320 694 (1ιὲδίἓὲιὲἷὶιὲ
329 645 397 693 non
412 623 524 692 fuisset
545 623 748 702 incarnatus,
770 621 857 692 Deus
879 603 1099 708 praeordinas·

74 720 124 781 set
148 714 317 786 hominem
340 715 461 786 saivari
484 733 543 798 per
566 714 663 784 ailam
686 727 828 784 eanmm.
898 781 914 789 ,,

318 866 321 874 ’
362 868 364 876 ’
412 866 602 976 otmaro
619 891 711 962 xxv.
776 871 779 882 '

199 1075 674 1150 Doadorationo
699 1075 961 1150 Christi.¹
1013 1141 1017 1151 ,

57 1254 121 1321 Art.
148 1252 179 1320 i.
203 1253 252 1322 Αιι
274 1274 338 1324 nno
360 1262 393 1322 ιι
418 1253 717 1328 ostentamenta
739 1256 783 1320 ait
805 1252 962 1323 odorando
990 1247 1103 1318 diotae·-

76 1352 118 1410 toa
144 1343 262 1412 Christi
289 1352 321 1412 et
338 1346 407 1414 aior
426 1347 608 1414 inmanitas.
634 1346 669 1428 ιι.
700 1344 856 1427 Experto
873 1359 1023 1429 persone
1046 1345 1099 1430 est

74 1453 139 1502 una
162 1435 322 1514 adoratio,
345 1435 422 1519 quia
445 1441 494 1502 est
517 1440 623 1508 totum
646 1435 844 1512 subsistens,
868 1453 902 1502 v.
923 1431 1013 1516 pin
1037 1433 1099 1499 ho·

76 1522 163 1588 mine
187 1524 264 1589 lieet
285 1524 442 1590 honorari
465 1523 595 1596 anatur
618 1539 736 1592 maram
758 1529 931 1602 etaestes,
951 1526 1026 1599 ete,
1049 1524 1098 1586 ta·

74 1631 147 1680 men
172 1611 296 1678 dieitur
320 1617 426 1684 totam
449 1613 686 1690 honorari-aie
704 1613 743 1686 'in
767 1613 916 1688 Christo:
935 1611 974 1688 ¹si
991 1629 1095 1690 ‚eausa

76 1701 221 1782 honoris,
245 1708 390 1788 quaeest
412 1703 521 1788 aliona
542 1703 737 1774 excelientia
773 1722 937 1789 personae,
962 1703 1100 1784 possunt

75 1793 138 1859 diei
163 1791 273 1878 plnres
296 1792 488 1859 adoratione
511 1811 543 1856 v.
568 1813 598 1877 g.
622 1795 666 1858 oh
687 1793 895 1878 sapientiam,
918 1792 1101 1862 increatam

77 1885 119 1948 oh
140 1881 337 1965 sapientiam
360 1884 552 1959 humanam,
577 1887 640 1947 eto.

76 1973 85 1994 '
109 1971 145 2037 in
168 1971 332 2038 Trinitate
353 1975 403 2036 est
425 1990 513 2042 mma¹
542 1974 652 2038 honor
672 1975 717 2040 ob
739 1988 841 2040 unam
873 1989 1006 2041 eausam
1040 1972 1102 2036 ho·

75 2058 183 2139 noris,
204 2060 243 2132 in·
266 2059 396 2128 Christo
418 2063 462 2128 ob
484 2080 588 2131 onam
612 2080 797 2144 personam.
834 2061 915 2136 item
948 2058 1101 2145 operatio

75 2169 141 2218 non
166 2153 362 2228 honoratur,
376 2151 434 2224 sed
457 2156 506 2216 est
528 2170 624 2221 eausa
649 2150 794 2231 honoris,
810 2152 905 2218 etsie
928 2152 1004 2225 dnae
1025 2169 1104 2232 ope·

75 2240 218 2308 rationes
240 2239 276 2309 in
294 2240 427 2309 doristo
463 2259 536 2312 non.¹
554 2246 634 2308 sunt
671 2243 746 2310 duae
776 2241 1006 2322 adorationes,
1041 2240 1102 2306 sed

76 2330 150 2395 duae
171 2349 277 2396 causae
316 2329 461 2396 honoris.
501 2329 581 2395 item
616 2333 724 2398 honor
754 2331 895 2407 debetur
932 2328 1107 2414 digniori,

76 2419 160 2486 idest
182 2417 289 2488 Verbo
311 2419 388 2499 Dei,
421 2418 476 2489 oui
498 2417 610 2491 aniana
643 2420 764 2488 Christi
799 2425 848 2497 est
871 2418 988 2499 nnita,
1012 2424 1046 2483 ot
1071 2418 1108 2483 in

77 2510 140 2576 hoo
162 2515 303 2592 augetur
326 2508 469 2592 dignitas
491 2510 625 2580 anitum.

56 2594 122 2665 dat.
145 2597 177 2666 2.
202 2597 256 2668 Aa
274 2601 447 2668 inmanitas
474 2597 593 2702 Gtriati
614 2599 659 2666 ait
677 2596 833 2670 odoroaado
856 2599 1037 2676 adoratione
1062 2598 1107 2661 to

78 2690 158 2755 trin..
182 2690 218 2773 ιι.
236 2687 283 2754 ot
306 2708 358 2756 res
380 2690 516 2758 odorata
538 2689 595 2768 sio,
618 2689 698 2774 quia
719 2695 768 2756 est
790 2691 928 2777 adorare
960 2687 1104 2764 Verbum

77 2776 305 2854 incarnatum,
338 2797 369 2845 v
393 2799 424 2863 g.
447 2779 587 2845 adorare
610 2781 735 2844 vestem
759 2780 860 2863 regis,
894 2783 943 2854 est
962 2778 1105 2844 adorare
1199 2784 1201 2788 ·

79 2885 191 2951 regem
226 2868 396 2948 restitum
418 2866 478 2933 sed
500 2872 538 2934 ιιι
560 2868 609 2932 est
632 2869 716 2934 ratio
750 2869 911 2934 adorandi
936 2887 1023 2947 non,
1049 2866 1107 2930 sed

78 2956 178 3022 duliae
203 2961 338 3040 propter
370 2957 604 3040 perfectionem
637 2958 868 3037 humanitatis;
899 2962 932 3022 ot
954 2957 1001 3022 sio
1032 2975 1109 3040 per·

78 3065 160 3112 sona
183 3044 313 3125 Christi,
339 3051 474 3131 propter
496 3045 718 3126 divinitatem,
745 3045 857 3127 iatria;
881 3051 1018 3133 propter
1049 3047 1111 3110 hu·

80 3136 292 3215 manitatem,
316 3137 406 3204 dulia
429 3139 476 3202 est
499 3137 685 3205 adoranda:
721 3135 808 3205 sient
829 3137 899 3204 Deo
921 3135 1009 3204 Patri
1034 3153 1110 3220 pro·

81 3231 155 3308 pter
177 3225 340 3292 Deitatena
362 3227 503 3294 debetur
527 3225 645 3306 latria;
670 3230 807 3310 propter
830 3227 1030 3303 dominium,
1045 3242 1112 3309 qno

82 3319 251 3382 creaturas
273 3318 450 3400 guiternat,
473 3316 614 3382 debetur
637 3315 738 3382 dulia.
889 3375 891 3382 .

82 3403 219 3472 *Carni
243 3425 302 3488 per
331 3405 538 3472 intellectum
570 3409 729 3490 separatae
759 3427 778 3472 a
801 3405 977 3472 divinitate
1009 3403 1108 3470 debe·

81 3499 138 3586 tur
160 3493 376 3580 hyperduiia,
411 3496 469 3567 sed
501 3513 650 3576 seorsum
672 3494 899 3586 ιιιιίιῐιιίιιιι1
920 3515 995 3584 non
1032 3494 1113 3559 ado·

19 3611 20 3618 1
84 3589 190 3656 rator.

19 3697 20 3768 ᾗ
155 3675 231 3743 Dior·
258 3673 393 3746 i'tonoe.
980 3671 1022 3770 27
