2604 4210
266 53 333 124 atu
522 66 568 119 ux
591 65 761 118 soouuou
785 62 963 118 sucorum

225 202 293 271 Art.
317 205 348 272 3.
369 204 420 274 Au
442 203 482 272 ad
506 206 720 289 perfectiorem
749 204 910 288 raliqiouis
932 205 1109 286 requiratur
1136 221 1274 286 pauper·

251 301 296 360 tao
317 294 503 364 uoluntaria.
520 296 555 380 tl.
578 293 641 376 Sic,
656 298 693 360 ul
717 294 809 360 tollat
831 295 985 360 allectum
1008 294 1143 359 arebus
1168 311 1274 357 muo-

249 384 353 449 danis.

226 470 295 539 Art.
319 472 350 540 t.
373 473 422 542 Au
445 473 484 542 ael
502 477 716 559 perfectiorem
738 475 899 558 reiiqiouia
921 474 1099 556 requiratur
1121 479 1277 555 perpetua

249 565 450 718 ssoutiueutia.
475 568 511 650 ll.
533 564 595 643 Sic,
611 563 689 649 qula
710 563 816 630 coitus
838 562 981 628 maxime
1005 563 1144 646 impedit
1167 561 1226 626 ire
1242 561 1291 624 io}

278 672 364 735 eum,
388 659 451 720 otc.

226 740 295 810 Art.
317 742 349 810 a.
372 741 422 810 Au
444 743 613 811 atedteurta
632 745 788 827 maneat
806 741 847 810 ad
865 743 1079 826 perfactiauert
1092 741 1277 825 raiiqiouis.

201 847 202 850 ’
252 833 286 917 lq.
310 832 372 911 Sic,
396 832 474 918 quia
496 835 539 900 ab
561 853 600 900 ea
621 832 793 918 dirigitur,
816 835 849 898 ct
876 831 912 898 in
935 851 974 898 ca
1003 829 1172 898 Christum
1201 829 1277 895 imi-

251 924 350 987 tatur.

229 1009 299 1078 Art.
322 1009 354 1078 6.
379 1014 429 1077 Au
452 1011 491 1080 ad
515 1013 729 1095 perfectionem
757 1012 918 1094 relipiouir
943 1012 1123 1094 requiratur
1149 1017 1194 1076 ut
1215 1012 1279 1076 lae

254 1102 315 1167 tria
337 1100 449 1168 autaut
468 1100 521 1168 aut
543 1107 623 1182 uota,
645 1104 763 1168 scilieet
780 1109 953 1185 paupertas,
977 1101 1181 1181 coutiueutia,
1211 1099 1276 1164 obe·

252 1188 377 1258 diaulia.
402 1191 437 1276 tl.
460 1190 522 1270 Sic,
545 1190 624 1276 quia
646 1192 689 1257 ad
710 1194 831 1258 statum
856 1189 1064 1274 perfectiouis
1086 1189 1278 1273 requiritur

252 1279 416 1364 obligatio,
440 1299 518 1364 crgo
542 1284 576 1345 et
598 1284 724 1346 votum.

229 1367 298 1436 Art.
322 1368 354 1435 7.
377 1367 427 1438 Au
448 1370 660 1436 aouueuieuter
688 1369 808 1436 dicatur
838 1371 872 1435 iu
906 1371 954 1436 laic
979 1369 1076 1436 tritta
1104 1369 1276 1436 camisam

249 1459 464 1542 putealiouaru
486 1460 658 1541 reiiqiauir.
674 1460 710 1542 tl.
725 1458 788 1538 Sic,
803 1456 880 1542 quia
903 1458 1065 1526 tolluntur
1080 1457 1196 1524 omnia
1215 1458 1277 1523 im·

253 1546 453 1629 pedimenia,
476 1552 510 1613 ct
531 1549 570 1613 fit
584 1549 822 1614 holocaustum.

230 1634 299 1705 Art.
333 1637 364 1704 8.
392 1635 442 1705 Au
475 1645 577 1706 uatum
605 1637 779 1705 obedieutia
805 1639 850 1703 sit
877 1638 1068 1720 potissimum
1091 1638 1176 1702 iuter
1213 1637 1278 1702 tria

253 1734 332 1794 uota.
356 1728 392 1812 tl.
415 1727 478 1809 Sic,
501 1726 578 1810 quia
602 1728 739 1794 offertur
762 1728 925 1802 voluntas,
948 1745 1022 1810 quae
1046 1731 1095 1792 cat
1118 1726 1242 1807 potior.

230 1814 298 1884 Art.
328 1817 360 1885 9.
388 1814 437 1884 Au
470 1818 631 1900 reliqioeur
653 1836 768 1900 semper
792 1823 893 1899 peccet
913 1815 1086 1882 mortaliter
1115 1824 1278 1898 uumque-

253 1906 360 1974 dieuda
383 1926 427 1987 ca,
443 1924 508 1992 quc
529 1914 604 1974 aaut
624 1909 659 1972 iu
681 1907 797 1989 ruqula.
822 1907 858 1989 tl.
881 1905 969 1982 Nou,
997 1904 1060 1970 nisi
1082 1904 1125 1970 sit
1150 1923 1276 1988 praecc·

254 2001 359 2078 ptum,
382 1997 434 2060 vel
458 1997 516 2061 tlat
538 2016 579 2060 ex
603 1999 806 2079 contemptu.

232 2083 300 2153 Art.
325 2085 377 2152 l0.
399 2083 449 2152 Au
470 2084 632 2168 relipiaaur
662 2087 696 2151 iu
730 2085 827 2152 eodem
860 2104 969 2169 qaaere
995 2087 1112 2169 peceati
1148 2086 1277 2168 qraoius

253 2181 354 2258 queret
373 2193 463 2259 quam
495 2176 651 2242 ceraurir.
676 2176 711 2257 ri.
734 2174 768 2241 Si
802 2178 850 2240 est
873 2179 989 2242 contra
1022 2177 1158 2252 votum,
1181 2175 1211 2240 si
1235 2191 1273 2238 cx

255 2268 458 2347 contemptu,
480 2263 507 2329 si
531 2269 665 2348 propter
686 2264 889 2344 scandalum,
912 2266 972 2345 sic;
995 2283 1089 2331 sccus
1111 2283 1202 2342 noo,
1218 2261 1274 2326 ced

255 2353 371 2433 levius,
395 2353 472 2439 quia
495 2354 622 2420 lucilius
645 2353 786 2438 rcuurgit
809 2358 945 2438 propter
968 2357 1089 2424 bonam
1114 2351 1275 2418 intentiu-

257 2463 334 2510 ncm
357 2445 390 2509 ct
405 2441 566 2511 auxilium
585 2443 738 2511 aliorum.

555 2621 733 2708 ouosrto
755 2620 949 2692 clxxxvu.

635 2807 727 2872 De
756 2806 872 2886 hie,

314 2908 469 2973 quae
494 2900 850 2978 competunt
874 2895 1198 2974 religiosis.

237 3067 304 3136 Art.
329 3070 359 3137 l.
382 3068 432 3137 Au
456 3072 545 3140 liceat
564 3074 717 3157 reiipiooia
739 3072 857 3154 docere,
880 3072 1061 3155 medicare,
1083 3081 1113 3138 et
1135 3073 1201 3139 alia
1224 3074 1274 3138 llu-

259 3159 389 3226 iuuuodi
410 3163 517 3245 facua.
534 3164 570 3247 ll.
586 3163 618 3230 Si
642 3164 767 3229 habent
789 3162 942 3230 ordinem
958 3167 991 3228 ot
1014 3161 1273 3229 iurisdictionem

259 3249 452 3335 delegatam,
476 3257 628 3337 possuut;
652 3251 729 3336 quia
751 3271 793 3317 cx
816 3257 904 3330 voto,
928 3253 980 3318 vel
1003 3271 1046 3316 ex
1068 3251 1183 3336 regula
1206 3269 1272 3316 noa

260 3340 489 3421 prohibentur,
504 3346 562 3408 aut
582 3342 609 3407 si
632 3341 678 3406 cis
701 3341 938 3419 committatur,
961 3339 1143 3426 praescrtim
1157 3339 1186 3406 si
1202 3339 1275 3408 reli·

260 3428 313 3514 gio
335 3428 378 3494 sit
400 3432 443 3496 ad
466 3432 528 3496 hoc
549 3429 733 3514 specialiter
756 3429 917 3498 instituta.

237 3516 306 3587 Art.
339 3519 372 3587 2.
404 3517 454 3587 Au
488 3521 580 3592 liceat
609 3521 762 3604 raliqiorir
794 3522 944 3589 recauria
976 3522 1099 3605 ueqatia
1135 3527 1272 3588 autore.

262 3608 297 3692 ll.
320 3607 421 3675 Causa
443 3608 631 3692 cupiditatis
654 3629 733 3689 noo,
750 3611 808 3677 scd
826 3631 924 3678 causa
938 3611 1108 3678 charitato
1126 3629 1204 3680 cum
1218 3611 1273 3678 dc·

261 3695 329 3764 bita
351 3696 575 3765 moderatione
597 3700 631 3764 ct
652 3697 786 3764 liocotiu
799 3699 990 3783 superioris,
1007 3699 1096 3766 licet.
