2622 4210
249 75 315 142 318
505 93 551 144 nx
576 91 744 146 securene
769 95 945 148 securium

227 228 337 306 tidem,
362 230 399 292 ut
421 229 464 294 ad
487 230 606 298 finem:
629 228 760 296 elicitur
782 249 801 296 a
823 230 1032 309 tortitudine,
1055 233 1090 295 et
1107 230 1273 313 impera·

228 320 284 381 tur
308 337 326 382 a
349 317 519 384 charitate.

204 404 271 471 Art.
307 406 337 473 3.
372 405 422 472 Aa
456 411 640 492 martyrium
673 411 718 475 stt
747 369 834 477 octos
868 413 1007 476 moelmo
1040 412 1271 493 perfectionis.

228 497 263 578 rt.
287 495 328 560 Ut
350 503 560 581 comparatur
584 501 625 565 ad
649 499 809 564 virtutem
833 501 1028 576 elicientem,
1053 500 1087 565 id
1112 505 1163 565 est
1191 501 1273 565 lor-

228 585 424 667 titudinem,
459 608 545 668 non;
575 589 603 653 si
633 590 676 655 ad
704 589 905 671 principium
937 590 1118 667 motivum,
1143 588 1183 654 id
1212 595 1272 654 est

226 674 430 758 charitatem,
454 678 510 757 sie,
534 681 567 743 et
579 683 627 742 est
643 679 735 762 quasi
750 679 882 764 signum
899 681 1050 746 maximae
1067 678 1268 744 charitatis.

225 763 240 793 *
262 763 332 831 Non
356 771 404 832 est
426 774 543 834 eontra
567 767 801 850 periectionem
825 768 852 833 si
876 769 912 835 in
935 769 1045 854 aliquo
1061 787 1140 834 casu
1157 773 1269 834 actus

227 855 436 936 perfeetionis
459 858 554 924 cadat
576 860 639 925 sub
661 858 853 924 necessitate
876 859 1045 944 praecepti.
1062 857 1144 924 ltem
1161 877 1269 925 mar-

226 943 350 1026 tyrium
373 951 422 1012 est
445 948 654 1030 praestantius
674 947 873 1014 obedientia.

203 1029 271 1100 Art.
296 1033 326 1101 l.
350 1031 401 1101 Aa
423 1056 504 1103 mors
527 1039 571 1103 alt
591 1037 626 1104 da
647 1041 769 1105 ratione
792 1040 949 1122 martyrii.
977 1040 1012 1123 il.
1035 1035 1097 1115 Sic,
1117 1037 1203 1122 quia
1223 1043 1269 1105 ιιι

225 1124 315 1188 testis
338 1144 398 1207 pro
422 1126 642 1196 invisibilibus
666 1129 800 1213 reliquit
823 1128 945 1207 omnia,
970 1132 1003 1192 et
1026 1127 1142 1194 vitam.

226 1211 359 1280 *Beata
382 1213 479 1300 Virgo
503 1215 625 1283 dicitur
657 1223 783 1302 martyr
814 1237 873 1300 per
901 1217 1070 1301 quandam
1093 1216 1267 1284 similitu-

225 1302 351 1368 dinem.
374 1303 465 1384 item,
490 1311 626 1390 propter
649 1306 754 1372 Deum
778 1307 1002 1392 integritatem
1025 1308 1137 1372 carnis
1153 1310 1267 1372 amit-

227 1397 297 1456 tere
321 1413 389 1458 non
413 1397 513 1461 habet
536 1396 699 1462 rationem
723 1396 891 1482 martyrii,
925 1397 983 1462 sed
1013 1397 1102 1480 apud
1125 1395 1265 1475 Deum,

225 1481 283 1564 qui
307 1483 406 1548 corda
430 1485 522 1550 videt
544 1490 756 1571 computatur
787 1487 822 1553 in
852 1486 1044 1570 praemium,
1080 1489 1118 1550 ut
1154 1488 1265 1552 beata

226 1568 322 1635 Lucia
345 1571 439 1638 dixit.
464 1574 543 1640 ltem
567 1596 689 1656 carcer,
714 1576 860 1657 exilium,
885 1581 946 1643 etc.
963 1575 990 1642 si
1008 1579 1145 1642 causant
1162 1595 1264 1644 mor-

225 1663 303 1740 tem,
328 1668 464 1729 eausant
488 1667 696 1750 martyrium.

202 1746 271 1818 Art.
295 1750 326 1817 5.
349 1753 398 1820 Aa
421 1755 485 1820 solo
506 1757 578 1840 fides
601 1776 691 1824 conso
713 1758 757 1822 sit
776 1758 932 1840 martyrii.
965 1756 999 1840 ll.
1024 1753 1094 1821 Non
1117 1756 1188 1822 sola
1215 1757 1263 1824 fi-

225 1839 297 1920 des,
324 1844 382 1909 sed
416 1849 508 1912 actus
538 1847 703 1913 virtutum
735 1851 772 1913 ut
791 1846 930 1931 justitiae
955 1845 1051 1911 relati
1075 1845 1117 1909 ad
1140 1845 1260 1912 Deum

224 1935 303 1996 sunt
326 1951 421 2000 causa
444 1935 606 2021 martyrii.
631 1937 671 2002 Ut
693 1936 785 2004 loan.
813 1935 958 2020 Baptista
982 1954 1043 2018 pro
1068 1938 1261 2018 reprehen-

223 2019 316 2090 sione
338 2024 503 2106 adultcrii,
527 2026 590 2094 tuit
613 2029 751 2111 martyr,
775 2027 890 2107 idest,
914 2045 975 2111 pro
999 2024 1151 2092 veritate.

515 2310 520 2320 .
566 2206 745 2289 ounsno
769 2205 885 2275 cxxv.

537 2390 629 2454 De
667 2390 910 2457 timore.

203 2562 272 2633 Art.
295 2565 325 2632 l.
348 2564 397 2632 Aa
421 2568 513 2632 timor
534 2567 577 2631 sit
594 2574 759 2651 paccatum.
790 2569 826 2650 ri.
849 2564 1071 2642 inordinatus,
1094 2562 1153 2646 qui
1179 2582 1254 2630 non

225 2658 336 2721 subest
359 2660 457 2723 rectae
480 2655 600 2722 rationi
623 2659 680 2735 sic,
703 2658 838 2741 quando
861 2660 909 2721 est
932 2655 1117 2729 ordinatus,
1142 2671 1229 2719 non.

203 2743 271 2812 Art.
293 2746 326 2813 2.
348 2745 398 2814 Aa
418 2754 572 2830 paccatum
589 2749 707 2815 timoris
722 2755 893 2832 opponatur
908 2743 1100 2830 fortitudini.
1119 2743 1155 2826 ri.
1172 2741 1257 2808 Pro·

225 2835 317 2920 prius
349 2836 411 2917 sio,
447 2837 632 2904 communis
667 2858 754 2915 non,
785 2837 862 2923 quia
885 2840 934 2902 est
956 2855 998 2901 ex
1020 2851 1134 2900 amore
1157 2831 1256 2898 ordi·

225 2929 304 2991 nato
327 2927 388 2991 sui.

202 3012 270 3080 Art.
295 3014 325 3081 3.
355 3013 405 3082 Αιι
433 3017 524 3083 timor
556 3021 601 3086 ait
628 3024 784 3104 pcerotom
817 3017 954 3082 mortale.
988 3015 1023 3100 il.
1054 3012 1251 3116 Secundum

225 3106 315 3188 quod
338 3109 386 3170 est
409 3105 633 3189 inordinatus,
657 3110 734 3193 quia
756 3106 782 3171 si
806 3124 883 3171 cum
907 3123 1070 3172 consensu
1094 3102 1250 3181 rationis,

225 3198 258 3260 et
280 3198 397 3263 contra
421 3201 636 3280 praeceptum,
664 3203 712 3263 est
736 3196 891 3262 mortale:
913 3197 940 3260 si
966 3200 1013 3258 est
1037 3193 1072 3257 in
1096 3193 1164 3258 solo
1190 3213 1251 3274 ap-

224 3285 330 3369 petitu
364 3285 520 3352 sensitive
553 3287 625 3352 sine
654 3307 816 3352 consensu
844 3285 1040 3361 voluntatis,
1065 3282 1248 3366 aliquando

224 3378 274 3440 cst
302 3377 443 3441 veniale.
472 3375 567 3454 item,
595 3377 621 3442 si
648 3379 791 3455 bonum,
815 3395 884 3442 non
908 3379 957 3440 est
979 3375 1042 3439 sub
1065 3376 1249 3456 praeceptu3

223 3465 281 3531 sed
304 3466 347 3531 de
370 3465 584 3549 perfectione.

202 3551 514 3624 Aretinorum
540 3562 662 3622 accusat
688 3575 707 3624 o
731 3563 862 3640 peccato.
897 3555 932 3640 ri.
966 3553 1150 3641 Aliquando
1183 3551 1248 3631 sic,

224 3647 263 3712 ut
291 3643 319 3712 si
349 3665 411 3728 pro
439 3645 525 3716 malo
551 3647 641 3732 quod
663 3645 762 3716 debet
785 3647 910 3725 vitare,
933 3647 972 3712 ut
993 3645 1022 3712 si
1044 3645 1103 3712 dat
1125 3641 1247 3711 latroni
