2614 4190
435 81 513 132 uir-e
536 79 672 132 anuum
974 62 1041 148 aas

15 156 96 282 'Just
126 199 301 282 facienda.
323 201 420 282 item,
437 201 494 284 qui
518 220 578 283 pro
600 201 664 268 alio
685 201 850 281 satisfacit,
864 202 950 276 ⁴licut
968 205 1030 282 sibi
1044 225 1091 282 cx,

36 291 229 356 charitate
251 291 373 374 aliquid
397 297 573 368 mereatur,
604 295 715 358 tamen
746 311 814 357 non
844 292 999 362 satisfacit
1027 315 1090 379 pro

36 401 91 460 se,
122 382 158 448 si
184 379 352 466 quantitas
375 400 443 450 non
468 380 590 447 sufficit
621 381 664 448 ad
700 384 879 466 utrumque
914 390 1089 467 peccatum

39 471 266 540 tollendum.

428 649 606 734 cursito
632 648 710 721 XfV.

115 835 218 901 De
242 833 534 914 qualitate
558 832 1012 902 satisfactionis.

22 1010 104 1080 Art.
138 1011 170 1079 f.
193 1010 243 1079 Aa
264 1013 350 1078 mmo
371 1013 471 1096 possit
487 1012 663 1095 satisfacere
677 1010 712 1076 de
723 1030 784 1078 aaa
795 1019 916 1097 peecata
931 1017 998 1082 siae
1012 1013 1087 1080 ctio.

51 1105 94 1186 ri.
124 1100 310 1186 Numquis
335 1120 402 1167 non
426 1106 475 1166 cst
495 1107 668 1184 acceptum
690 1101 767 1167 Deo.

24 1191 108 1260 Art.
139 1190 171 1256 2.
195 1189 244 1258 Aa
265 1193 351 1258 temo
371 1193 470 1273 possit
496 1193 670 1274 satisfacere
692 1190 727 1256 de
757 1195 898 1275 pereatis,
932 1211 1007 1276 qaae
1029 1193 1090 1260 sue

49 1302 119 1365 per
145 1283 362 1349 eoretritioaera
384 1283 512 1364 manat
531 1281 666 1364 canusa,
689 1284 718 1360 si
740 1285 856 1350 eairtit
875 1289 964 1348 cetra
988 1285 1088 1350 otari-

55 1380 174 1440 tutam.
198 1373 234 1455 ri.
256 1370 336 1454 Nou,
360 1371 437 1456 quia
459 1390 557 1456 opera
580 1371 664 1438 facta
686 1376 780 1438 extra
803 1372 1087 1448 charitatem-non

53 1463 148 1527 sunt
169 1459 391 1538 satisfactoria,
416 1464 452 1526 ut
470 1460 677 1544 eleemosyna
695 1465 789 1527 exies
804 1463 999 1528 charitatem
1017 1481 1085 1529 uon

57 1550 169 1626 valet,
194 1549 479 1634 etanortatutsit
501 1549 646 1618 amicitia
668 1549 830 1619 restituta.
852 1550 945 1632 itam,
968 1550 1025 1636 qui
1039 1571 1090 1620 aa·

56 1637 188 1706 tisfeeit
210 1638 245 1705 in
269 1643 411 1724 peccato,
435 1659 502 1709 uon
527 1644 659 1708 tenetur
682 1639 803 1706 deinde
830 1641 989 1708 reiterare
1010 1641 1087 1710 sati·

57 1728 273 1810 saetosam.
289 1729 373 1816 fluia
395 1747 463 1810 non
487 1729 631 1798 incurrit
649 1733 780 1810 reatum
799 1730 993 1811 omissionis,
1014 1730 1091 1806 licet

60 1839 139 1888 nun
162 1819 304 1888 redimat
326 1839 450 1902 poenas.

36 1908 113 1978 Art.
139 1908 172 1976 3.
195 1907 245 1976 Aa
267 1911 397 1990 remea,
416 1917 574 1995 amasae
595 1911 774 1976 charitatem
795 1909 945 1990 tabuerit,
968 1928 1090 1994 oraem-

60 1999 140 2068 deas
163 2001 333 2085 satisfactio
357 2001 490 2084 iaoipiat
508 2000 619 2068 catere.
644 2001 681 2083 a.
702 1999 785 2080 Non,
800 2000 987 2085 quiaopera
1003 2019 1089 2072 mor·

60 2096 122 2156 tua
147 2109 216 2156 non
242 2090 465 2168 vivificantur,
490 2109 551 2155 nec
575 2088 707 2172 placent
729 2088 808 2162 Deo.

38 2177 113 2247 Art.
138 2177 172 2248 le.
194 2177 242 2246 Aa
265 2199 356 2264 opero
377 2186 467 2246 eatra
488 2181 666 2246 efferitatem
687 2181 770 2263 faeta
783 2181 849 2245 siat
862 2180 1090 2248 meritoriaoti·

64 2271 155 2338 eota
179 2269 261 2338 eoae.
286 2271 322 2353 ei.
345 2267 460 2336 Valent
484 2289 551 2335 uon
576 2270 617 2333 de
640 2269 822 2356 condigno,
851 2271 910 2338 sed
938 2272 980 2338 de
1010 2289 1088 2338 cou-

64 2379 153 2444 gruo
175 2360 218 2425 ad
241 2359 507 2428 consecutionem
531 2358 772 2440 temporalium,
806 2359 849 2425 ad
878 2360 1087 2428 assuefactio·

65 2467 148 2552 nem
172 2450 215 2516 ad
238 2451 376 2554 bonum,
398 2449 441 2514 ad
464 2447 712 2552 dispositionem
735 2449 778 2517 ad
800 2449 952 2534 gratiam,
974 2453 1009 2516 et
1025 2451 1088 2528 hoc

42 2558 249 2696 Afmpgopffi
267 2540 394 2697 aiam
411 2543 692 2714 &efficacem
711 2647 879 2712 porcarum
902 2626 1030 2715 inferret.
1051 2627 1087 2712 ri.

65 2717 137 2786 Non
162 2718 294 2804 toffunt,
316 2720 374 2787 sed
397 2715 584 2806 impediunt
606 2718 761 2789 meritum
787 2738 903 2802 paena.

437 2896 614 2985 QUAESTIO
637 2896 700 2970 XV.

77 3081 171 3152 De
192 3079 292 3151 his
315 3092 430 3165 per
455 3095 586 3163 quea
607 3083 677 3149 fit
701 3078 1050 3150 satisfactio.

48 3261 114 3333 frt.
138 3264 170 3333 f.
193 3263 242 3333 Aa
263 3263 434 3348 satisfactio
457 3253 561 3331 debeat
585 3259 657 3345 fieri
675 3280 732 3346 per
759 3279 850 3348 opera
874 3253 1025 3347 acerelio.
1051 3260 1090 3346 ii.

68 3355 131 3432 Sic,
155 3354 233 3440 quia
254 3358 303 3420 est
327 3351 501 3432 medicina,
524 3357 558 3420 et
574 3356 611 3418 ut
634 3357 821 3436 praeservat

67 3443 81 3472 ‘
104 3443 191 3510 Deus
214 3463 282 3510 non
306 3444 488 3511 defectatur
510 3441 546 3510 in
570 3442 677 3525 poenis
710 3447 748 3509 ut
776 3461 882 3526 poeuae
913 3443 1002 3521 sunt,
1031 3437 1089 3508 sed

70 3537 105 3600 ut
127 3538 207 3600 sunt
230 3533 334 3612 iusta,
357 3537 390 3598 et
412 3533 459 3598 sic
480 3531 684 3598 satisfaciunt
707 3551 783 3598 cum
806 3531 976 3599 charitate.

51 3621 113 3691 Art.
136 3623 168 3691 2.
191 3624 240 3690 Aa
262 3621 385 3708 flocello
404 3613 573 3707 praesectis
601 3621 681 3689 citae
714 3625 780 3689 siat
801 3611 1020 3707 satisfactoria.
1049 3619 1087 3710 a).

73 3711 130 3796 Sic,
153 3712 180 3780 si
204 3718 416 3798 acceptentur
434 3731 510 3778 cum
534 3711 691 3797 patientia
714 3713 755 3778 ad
780 3712 1020 3797 purgationem.
