2604 4210
422 150 499 204 orrr
522 149 669 206 roone.
957 135 1024 204 lut

35 287 138 355 sione
159 286 333 372 corporali,
356 291 390 354 et
412 288 558 369 animali,
580 291 640 357 sed
662 309 730 360 non
754 289 989 376 praeveniebat,
1006 311 1069 358 nec

38 378 200 444 trahebat
223 377 396 456 rationem,
421 383 459 446 nt
482 377 517 444 in
542 379 648 447 nobis.

38 469 48 490 '
73 467 197 536 Anima
219 465 339 534 Christi
364 471 492 552 poterat
515 469 665 535 resistere
692 468 914 554 passionibus,
937 475 975 536 ut
999 491 1067 538 non

36 557 221 635 venirent,
249 557 309 622 sed
339 557 526 632 voluntarie
555 577 590 625 se
620 559 760 626 subiecit
786 557 860 626 illis.
889 561 970 633 lleru
995 580 1070 645 pas·

37 647 153 802 siorhes
177 645 393 730 peccatorum
403 652 482 714 sunt
498 645 586 714 idern
602 667 679 714 cnm
697 648 822 730 fomite,
838 649 897 735 qui
921 669 989 717 non
1005 651 1069 718 luit

38 737 76 802 in
129 737 245 802 bristo.

16 825 87 894 Art.
114 825 146 893 li.
169 825 221 893 Aa
243 827 277 892 in
303 825 424 894 Christo
445 827 543 911 fissit
563 824 650 894 dolor
671 827 890 913 accubituri.
913 827 976 901 Sic.
991 827 1070 913 quia

38 916 76 980 in
103 935 144 981 eo
167 914 230 982 luit
253 931 332 982 vera
355 915 443 982 laesio
464 935 591 999 sonmo,
615 917 676 984 aar
691 939 760 986 non
779 919 843 985 luit
864 938 906 984 ex
931 918 1070 984 necessi·

40 1008 123 1082 tate,
147 1006 201 1072 vel
225 1011 367 1090 peceato.

41 1095 52 1116 '
77 1093 253 1162 Beatitudo
274 1094 395 1162 animae
418 1091 536 1166 Christi
560 1096 781 1182 dispensative
804 1117 873 1165 non
896 1097 1069 1164 derivabat

40 1185 84 1250 ad
108 1196 245 1269 corpus,
277 1205 339 1252 nee
361 1185 535 1252 delectatio
568 1187 857 1272 contemplationis
881 1185 1003 1254 mentis
1026 1189 1068 1254 ad

41 1273 131 1340 vires
153 1273 338 1353 sensitivas,
362 1293 404 1340 ne
426 1275 521 1341 dolor
543 1274 706 1344 sensibilis
731 1277 978 1344 excluderetur.

21 1363 87 1430 Art.
112 1363 145 1433 u.
169 1362 219 1431 Ao
241 1366 277 1431 in
302 1365 422 1432 Clusio
445 1367 543 1448 fcerit
562 1384 634 1432 cero
659 1369 801 1434 tristitia.
827 1369 861 1450 rh.
885 1365 955 1444 Sic,
992 1367 1068 1451 quia

44 1475 113 1520 non
138 1453 384 1538 impediebatur
405 1474 425 1518 a
449 1455 666 1522 delectatione
688 1454 987 1540 contemplationis,
1010 1457 1067 1523 sed

43 1543 141 1610 aliter
164 1563 267 1629 quam
289 1543 325 1610 in
350 1542 456 1621 nobis,
479 1548 516 1610 ut
539 1543 574 1610 in
598 1545 737 1613 articulo
759 1550 892 1631 quarto.

45 1631 191 1701 'Passio
225 1632 344 1701 Christi
378 1633 563 1700 secundum
585 1652 620 1700 se
649 1634 713 1702 luit
735 1635 961 1702 involuntario
994 1653 1071 1702 cau-

43 1743 121 1790 sans
144 1722 329 1802 tristitiam,
363 1722 421 1788 sed
445 1743 486 1788 ex
516 1724 584 1789 line
607 1723 669 1790 tuit
702 1725 907 1803 voluntaria,
941 1729 979 1790 ut
1001 1743 1071 1790 me·

44 1813 169 1880 uicina.
612 1879 615 1884 .

25 1899 88 1970 Art.
113 1903 148 1971 7.
170 1902 220 1972 Aa
244 1904 279 1970 io
304 1902 424 1970 Christo
446 1902 545 1986 fuerit
566 1905 668 1971 timor.
693 1904 729 1988 ri.
751 1901 874 1981 Timor,
898 1905 996 1987 prout
1012 1921 1069 1969 na·

43 1992 148 2060 scitur
171 2013 213 2059 ex
236 1992 497 2078 apprehensione
519 1991 597 2059 mali
631 1991 751 2071 loturi,
779 1993 843 2059 luit
865 1993 901 2060 in
926 1990 1068 2069 Christo;

43 2081 128 2152 siout
154 2082 287 2150 tristitia
310 2086 463 2149 causatur
487 2102 527 2148 ex
544 2082 631 2148 malo
649 2083 821 2166 praesenti:
843 2083 901 2150 sed
918 2101 987 2150 non
1003 2082 1067 2148 luit

44 2191 82 2236 ex
107 2172 347 2240 incertitudine
371 2170 475 2236 laturi
497 2175 655 2252 eventus,
685 2171 763 2258 quia
787 2172 822 2239 in
846 2171 974 2239 Christo
999 2191 1067 2239 non

45 2261 107 2328 luit
131 2262 332 2346 ignorantia.
582 2289 591 2328 1

48 2353 57 2374 ⁵
80 2351 189 2420 iustus
210 2357 260 2418 est
278 2353 352 2418 sine
375 2349 511 2429 timore,
545 2348 629 2418 idest
654 2353 872 2438 perturbante
895 2351 1068 2430 rationem,

45 2441 100 2524 qui
126 2461 197 2510 non
219 2441 283 2508 luit
313 2440 347 2506 in
371 2438 509 2506 Christo.
545 2438 625 2506 ltem
649 2441 736 2508 mala
769 2441 881 2508 lutura
916 2459 994 2506 earo
1016 2441 1068 2507 in·

46 2531 142 2598 tirma
164 2531 272 2598 vitare
295 2549 364 2596 non
388 2533 506 2613 potest.

28 2615 88 2688 let.
110 2620 146 2690 8.
168 2619 218 2688 Aa
241 2623 277 2687 ia
301 2619 423 2687 Ghristo
444 2620 542 2703 soant
562 2617 735 2689 admiratio.
761 2621 796 2705 rh.
820 2619 936 2706 Quoad
962 2618 1069 2700 scien-

46 2710 124 2780 tiam
160 2709 455 2796 experimentatem
476 2709 539 2790 sic,
574 2710 685 2795 quoad
707 2710 803 2790 alias,
838 2726 924 2788 non;
949 2713 982 2775 et
1000 2709 1069 2776 boc

47 2805 181 2886 propter
203 2804 349 2868 nostram
371 2797 637 2866 instructionem.
836 2813 839 2820 ·

47 2888 226 2958 'Christus
248 2892 298 2956 est
320 2887 501 2958 admiratus
530 2887 574 2955 de
596 2888 662 2956 lide
694 2887 922 2968 Centurionis,
957 2887 1068 2974 quoad

47 2978 136 3060 alios,
159 3000 228 3048 non
250 2977 361 3066 quood
382 2996 428 3047 se.

30 3067 271 3138 lrt.9.1loio
297 3068 416 3136 Chrirto
449 3069 548 3152 facit
568 3069 629 3136 iro.
654 3069 691 3154 h.
720 3068 788 3149 lra,
813 3072 851 3136 nt
875 3071 924 3136 cst
946 3065 1066 3136 vilium

41 3166 161 3231 ¹contra
192 3159 371 3239 rationem,
407 3177 475 3225 non
510 3156 573 3224 tuit
603 3158 640 3225 in
663 3157 809 3240 Christo;
839 3162 878 3226 ut
900 3161 950 3224 cst
978 3157 1068 3260 celus
1185 3235 1187 3240 ,

48 3249 258 3329 rationabilis,
281 3250 355 3318 luit.

49 3339 292 3447 'Quaeusecuta
314 3343 363 3408 est
398 3336 577 3417 rationem,
607 3341 640 3404 et
662 3357 731 3416 non
760 3336 940 3426 opponitur
969 3354 1066 3404 man·

48 3432 329 3588 saffinffimfflm
351 3537 420 3586 una
441 3516 589 3602 operatio
611 3536 680 3584 non
698 3517 899 3604 impediebat
920 3515 1000 3584 alias
1020 3535 1063 3581 ex

49 3607 159 3677 divina
183 3609 316 3688 virtute,
341 3628 409 3674 non
425 3606 472 3672 sic
495 3607 531 3673 in
555 3607 660 3675 nobis.

34 3693 237 3792 let-lma
260 3699 400 3772 thos
428 3698 527 3788 {vaiet
546 3696 644 3786 aimeri
660 3699 787 3780 ,siclam
815 3706 849 3766 ct
870 3697 1062 3782 eomprehen-
