2632 4212
275 141 340 211 los
563 158 608 211 cx
631 155 745 210 anina
769 149 945 209 snooxnm
982 117 984 122 ¹

251 316 389 381 corpore
410 299 577 380 corrupto,
602 314 702 380 quam
725 313 793 360 non
817 313 895 372 εεεε,
910 291 1055 358 maxime
1076 309 1156 359 cum
1176 293 1287 377 possit

251 388 473 472 pergratiam
497 385 665 453 mundari.

229 478 297 546 Art.
320 476 352 543 2.
375 477 424 544 An
445 485 598 561 peccatum
621 477 773 560 oriqtnolc
802 478 847 541 sit
872 493 927 558 ner
957 475 1047 558 prius
1080 475 1116 538 in
1146 475 1288 541 essentia

252 569 379 652 enimc,
402 586 492 652 quom
514 571 549 640 in
570 569 726 650 potentiis.
752 567 786 650 ιι.
811 565 846 630 ln
870 563 1012 629 essentia
1034 565 1174 643 animae,
1201 563 1287 648 quia

251 661 300 723 εει
324 661 494 738 peccatum
519 656 679 735 naturale,
702 656 787 720 sicut
806 652 938 758 justitia
958 653 1088 719 eratin
1113 653 1245 721 anima.

229 747 296 814 Art.
321 746 352 812 3.
375 745 424 813 An
445 754 598 829 peccatam
629 747 781 828 oriqtnole
808 763 863 827 per
884 745 972 827 palos
995 745 1118 848 {annot
1137 743 1290 811 colunto·

254 845 327 916 cm,
349 855 440 920 qnam
462 839 540 902 cline
561 838 722 919 potetates.
749 837 784 919 ιι.
806 834 875 910 Sic,
899 833 976 918 quia
996 833 1069 918 ipsa
1091 832 1207 945 peinxo
1234 837 1287 900 εει

252 925 409 993 inclinata
433 927 475 991 ad
499 927 715 1008 peccandum.

229 1015 297 1085 Art.
321 1014 352 1081 l.
376 1013 425 1083 aa
445 1019 589 1097 potentie
610 1015 707 1096 dioto,
732 1013 765 1079 ol
787 1021 841 1095 cot,
866 1015 1055 1097 intellectus,
1078 1021 1111 1081 ct
1130 1015 1286 1082 volontas

251 1110 319 1172 sint
338 1122 436 1187 macas
458 1106 588 1188 lacteolo,
613 1123 702 1188 quom
724 1105 803 1170 αιιω.
829 1106 864 1188 ιι.
888 1103 968 1182 Non,
991 1105 1050 1170 sed
1069 1103 1284 1188 generativa,

253 1194 532 1277 concupiscibilis,
568 1197 600 1260 et
628 1199 751 1272 tactus,
780 1193 858 1277 quia
887 1192 1046 1278 originale
1074 1195 1286 1260 transfertur

252 1303 311 1369 per
334 1283 593 1366 generationem,
616 1283 670 1348 oui
694 1283 880 1349 inserviunt
903 1282 967 1348 illae
990 1285 1058 1350 ιιεε
1080 1283 1260 1368 potentia.

573 1461 753 1549 oonsno
776 1461 934 1532 lxxxxv.

252 1647 344 1712 De
368 1661 554 1712 causa
577 1647 820 1726 peceati
850 1651 1038 1727 prout
1060 1659 1260 1711 unum

274 1742 599 1819 peecatum
624 1741 721 1800 est
746 1752 932 1804 causa
949 1737 1232 1810 alterius,

230 1914 297 1983 Art.
322 1914 353 1983 l.
376 1915 427 1984 An
448 1913 597 2001 copiditas
620 1919 664 1982 eit
676 1916 769 1984 roella
787 1919 923 1984 omninno
936 1922 1138 2001 peccamen.
1156 1914 1193 1998 xl.
1211 1912 1282 1991 Sic,

251 2005 328 2072 licet
348 2005 391 2072 sit
413 2008 552 2090 speciale
575 2011 757 2090 peccatum,
783 2007 817 2072 id
840 2009 906 2086 εει,
930 2009 967 2073 ιιι
989 2009 1038 2072 εει
1061 2003 1283 2072 inordinatus

251 2096 415 2178 appetitus
438 2097 643 2174 divitiarum,
667 2098 744 2181 quia
768 2115 827 2180 pen
849 2096 982 2161 divitias
1005 2096 1146 2162 habetur
1170 2093 1282 2158 facul-

252 2188 299 2248 tas
323 2185 536 2267 perpetrandi
560 2185 783 2269 quodcunque
806 2190 994 2270 peccatum,
1011 2183 1096 2268 qnia
1121 2183 1281 2266 pecuniae

250 2272 412 2340 obediunt
434 2274 556 2351 omnia,
580 2274 615 2339 id
638 2276 697 2353 εει,
722 2275 834 2340 omnia
856 2276 944 2340 bona
967 2269 1231 2340 commutabilia.

227 2362 295 2430 Art.
318 2362 350 2428 2.
372 2360 423 2429 An
444 2362 584 2447 soperbia
605 2366 649 2429 sit
670 2366 796 2430 initium
819 2367 918 2430 omnis
937 2366 1065 2448 pcccati.
1090 2363 1125 2445 xl.
1148 2360 1281 2444 Super·

250 2452 314 2532 bia,
338 2452 374 2518 id
396 2455 453 2532 εει,
478 2453 641 2536 appetitus
665 2453 873 2520 inordinatus
895 2455 1039 2538 propriae
1055 2451 1280 2529 excellentie,

250 2546 298 2608 est
321 2545 489 2626 peccatum
514 2542 665 2624 speciale;
688 2545 747 2608 sed
770 2548 807 2607 ut
823 2544 959 2609 actualis
975 2544 1186 2624 contemptus
1202 2541 1278 2619 Dei,

251 2633 372 2710 idest,
398 2651 466 2698 non
489 2633 585 2697 subdi
610 2633 680 2716 ejus
704 2633 888 2716 praeceptis,
918 2636 967 2712 εει
997 2632 1159 2718 generale.
1192 2629 1279 2695 Ιιειιι

251 2726 288 2786 ut
311 2725 481 2802 peccatum
504 2721 642 2804 speciale
665 2726 714 2785 est
736 2722 812 2787 finis
835 2721 989 2801 hominis,
1011 2726 1044 2786 ει
1065 2720 1112 2785 εἰε
1134 2718 1279 2785 ἰιιίιίιιιιι

248 2809 356 2875 οιιιιιίε
379 2811 513 2893 peccati,
525 2809 582 2895 qui
599 2810 718 2894 quaerit
737 2811 904 2894 propriam
921 2809 1166 2888 excellentiam
1184 2809 1279 2873 sicut

249 2898 387 2965 avaritia
411 2900 446 2964 in
470 2899 681 2978 executione,
712 2919 786 2984 quae
810 2905 943 2983 praestat
968 2917 1103 2966 omnem
1126 2914 1281 2963 commo-

250 2987 402 3054 dilatem.

226 3076 746 3160 Art.3.1lnproenreunerliom
765 3086 806 3144 ει
826 3082 991 3146 avaritiam
1020 3081 1086 3146 sint
1114 3079 1180 3144 olto
1206 3099 1279 3161 pec-

248 3174 315 3235 cota
336 3168 492 3250 specialia,
516 3187 581 3251 qne
603 3168 747 3236 dicenter
769 3155 925 3252 capitolia.
951 3171 986 3254 ιι.
1010 3167 1074 3248 Sic,
1099 3171 1279 3251 metapho-

248 3257 331 3338 rice,
355 3256 432 3340 quia
454 3263 533 3321 sunt
555 3256 716 3324 directiva
739 3259 896 3338 aliorum,
921 3279 995 3343 quae
1019 3251 1144 3325 habent
1166 3259 1279 3342 origi-

249 3364 326 3414 nem
350 3345 534 3430 proximam
559 3347 601 3410 ab
624 3346 696 3411 illis.

225 3435 293 3503 Art.
318 3435 348 3502 l.
372 3434 420 3502 An
441 3443 562 3519 peccato
585 3437 731 3517 capitolio
753 3440 820 3504 sint
840 3447 958 3522 septem.
985 3441 1019 3522 ιι.
1043 3437 1106 3518 Sic,
1129 3455 1170 3503 ex
1196 3440 1277 3522 qni·

248 3529 308 3592 bus
331 3526 393 3593 alia
416 3525 526 3610 aliquo
550 3526 648 3607 modo
672 3527 819 3608 pendent
838 3529 926 3613 (vide
942 3527 1014 3612 ibi.)
1030 3528 1108 3613 quia
1124 3531 1174 3594 tot
1187 3535 1274 3594 ειιιιι

247 3615 390 3682 nationes
413 3615 580 3697 primaria
599 3633 703 3681 causae
727 3616 836 3683 finalis
860 3617 1016 3686 movendi
1039 3617 1235 3702 appetitum.
