<?xml version="1.0" encoding="UTF-8"?>
<!DOCTYPE html PUBLIC "-//W3C//DTD XHTML 1.0 Transitional//EN"
    "http://www.w3.org/TR/xhtml1/DTD/xhtml1-transitional.dtd">
<html xmlns="http://www.w3.org/1999/xhtml" xml:lang="en" lang="en">
 <head>
  <title>
</title>
<meta http-equiv="Content-Type" content="text/html;charset=utf-8" />
  <meta name='ocr-system' content='tesseract 3.04.00' />
  <meta name='ocr-capabilities' content='ocr_page ocr_carea ocr_par ocr_line ocrx_word'/>
</head>
<body>
  <div class='ocr_page' id='page_1' title='image "./theologicsummco00thomgoog_0378.png"; bbox 0 0 2604 4210; ppageno 0'>
   <div class='ocr_carea' id='block_1_1' title="bbox 408 85 1008 156">
    <p class='ocr_par' dir='ltr' id='par_1_1' title="bbox 408 85 1008 156">
     <span class='ocr_line' id='line_1_1' title="bbox 408 85 1008 156; baseline -0.003 -2"><span class='ocrx_word' id='word_1_1' title='bbox 408 108 481 156; x_wconf 87' lang='lat' dir='ltr'><strong>n1v1</strong></span> <span class='ocrx_word' id='word_1_2' title='bbox 506 105 651 156; x_wconf 76' lang='lat' dir='ltr'><strong>rnonm.</strong></span> <span class='ocrx_word' id='word_1_3' title='bbox 932 85 1008 153; x_wconf 61' lang='grc' dir='ltr'><strong>367Δ</strong></span> 
     </span>
    </p>
   </div>
   <div class='ocr_carea' id='block_1_2' title="bbox 10 183 226 198">
    <p class='ocr_par' dir='ltr' id='par_1_2' title="bbox 10 183 226 198">
     <span class='ocr_line' id='line_1_2' title="bbox 10 183 226 198; baseline -0.005 -1"><span class='ocrx_word' id='word_1_4' title='bbox 10 183 226 198; x_wconf 51' lang='grc' dir='ltr'><strong>ψ</strong></span> 
     </span>
    </p>
   </div>
   <div class='ocr_carea' id='block_1_3' title="bbox 10 239 1049 2930">
    <p class='ocr_par' dir='ltr' id='par_1_3' title="bbox 29 239 1044 412">
     <span class='ocr_line' id='line_1_3' title="bbox 30 239 1044 324; baseline 0.005 -23"><span class='ocrx_word' id='word_1_5' title='bbox 30 241 97 303; x_wconf 89' lang='lat' dir='ltr'><strong>tivo</strong></span> <span class='ocrx_word' id='word_1_6' title='bbox 119 239 198 304; x_wconf 89' lang='lat' dir='ltr'><strong>lacit</strong></span> <span class='ocrx_word' id='word_1_7' title='bbox 220 240 371 318; x_wconf 75' lang='lat' dir='ltr'><strong>extasim,</strong></span> <span class='ocrx_word' id='word_1_8' title='bbox 395 241 453 304; x_wconf 89' lang='lat' dir='ltr'><strong>sed</strong></span> <span class='ocrx_word' id='word_1_9' title='bbox 481 239 558 324; x_wconf 91' lang='lat' dir='ltr'><strong>quia</strong></span> <span class='ocrx_word' id='word_1_10' title='bbox 582 241 734 306; x_wconf 85' lang='lat' dir='ltr'><strong>voluntas</strong></span> <span class='ocrx_word' id='word_1_11' title='bbox 766 245 871 323; x_wconf 89' lang='lat' dir='ltr'><strong>potest</strong></span> <span class='ocrx_word' id='word_1_12' title='bbox 893 240 1044 308; x_wconf 88' lang='lat' dir='ltr'><strong>resistere</strong></span> 
     </span>
     <span class='ocr_line' id='line_1_4' title="bbox 29 327 744 412; baseline 0.004 -20"><span class='ocrx_word' id='word_1_13' title='bbox 29 329 167 408; x_wconf 91' lang='lat' dir='ltr'><strong>passioni</strong></span> <span class='ocrx_word' id='word_1_14' title='bbox 192 327 304 394; x_wconf 87' lang='lat' dir='ltr'><strong>delicit</strong></span> <span class='ocrx_word' id='word_1_15' title='bbox 326 349 344 394; x_wconf 90' lang='lat' dir='ltr'><strong>a</strong></span> <span class='ocrx_word' id='word_1_16' title='bbox 367 349 447 394; x_wconf 88' lang='lat' dir='ltr'><strong>vera</strong></span> <span class='ocrx_word' id='word_1_17' title='bbox 469 329 598 394; x_wconf 88' lang='lat' dir='ltr'><strong>ratione</strong></span> <span class='ocrx_word' id='word_1_18' title='bbox 620 333 744 412; x_wconf 83' lang='lat' dir='ltr'><strong>raptus.</strong></span> 
     </span>
    </p>

    <p class='ocr_par' dir='ltr' id='par_1_4' title="bbox 10 417 1046 1218">
     <span class='ocr_line' id='line_1_5' title="bbox 10 417 1044 503; baseline 0.003 -21"><span class='ocrx_word' id='word_1_19' title='bbox 10 417 73 484; x_wconf 80' lang='lat' dir='ltr'><strong>dat.</strong></span> <span class='ocrx_word' id='word_1_20' title='bbox 96 418 128 484; x_wconf 84' lang='lat'><strong>3.</strong></span> <span class='ocrx_word' id='word_1_21' title='bbox 150 419 201 484; x_wconf 84' lang='lat' dir='ltr'><strong>Aa</strong></span> <span class='ocrx_word' id='word_1_22' title='bbox 222 420 336 485; x_wconf 84' lang='lat' dir='ltr'><strong>Poalas</strong></span> <span class='ocrx_word' id='word_1_23' title='bbox 358 422 394 484; x_wconf 81' lang='lat' dir='ltr'><strong>ia</strong></span> <span class='ocrx_word' id='word_1_24' title='bbox 416 425 507 502; x_wconf 83' lang='lat' dir='ltr'><strong>raptu</strong></span> <span class='ocrx_word' id='word_1_25' title='bbox 520 417 635 485; x_wconf 83' lang='lat' dir='ltr'><strong>uiderit</strong></span> <span class='ocrx_word' id='word_1_26' title='bbox 654 421 813 486; x_wconf 78' lang='lat' dir='ltr'><strong><em>essentiam</em></strong></span> <span class='ocrx_word' id='word_1_27' title='bbox 828 419 898 486; x_wconf 80' lang='lat' dir='ltr'><strong>Dei.</strong></span> <span class='ocrx_word' id='word_1_28' title='bbox 916 421 950 503; x_wconf 73' lang='lat' dir='ltr'><strong>ri.</strong></span> <span class='ocrx_word' id='word_1_29' title='bbox 967 419 1044 485; x_wconf 83' lang='lat' dir='ltr'><strong>Pro·</strong></span> 
     </span>
     <span class='ocr_line' id='line_1_6' title="bbox 28 507 1045 593; baseline 0.002 -21"><span class='ocrx_word' id='word_1_30' title='bbox 28 507 167 572; x_wconf 84' lang='lat' dir='ltr'>habilius</span> <span class='ocrx_word' id='word_1_31' title='bbox 189 509 279 592; x_wconf 91' lang='lat' dir='ltr'><strong>quod</strong></span> <span class='ocrx_word' id='word_1_32' title='bbox 307 508 367 587; x_wconf 92' lang='lat' dir='ltr'><strong>sic,</strong></span> <span class='ocrx_word' id='word_1_33' title='bbox 400 509 477 593; x_wconf 90' lang='lat' dir='ltr'><strong>quia</strong></span> <span class='ocrx_word' id='word_1_34' title='bbox 499 507 581 574; x_wconf 90' lang='lat' dir='ltr'><strong>dicit</strong></span> <span class='ocrx_word' id='word_1_35' title='bbox 609 529 643 574; x_wconf 89' lang='lat' dir='ltr'><strong>se</strong></span> <span class='ocrx_word' id='word_1_36' title='bbox 673 509 835 576; x_wconf 92' lang='lat' dir='ltr'><strong>audivisse</strong></span> <span class='ocrx_word' id='word_1_37' title='bbox 868 508 1045 574; x_wconf 77' lang='lat' dir='ltr'><strong>ineffabilia</strong></span> 
     </span>
     <span class='ocr_line' id='line_1_7' title="bbox 29 595 1046 682; baseline 0.005 -24"><span class='ocrx_word' id='word_1_38' title='bbox 29 599 141 674; x_wconf 89' lang='lat' dir='ltr'><strong>verba,</strong></span> <span class='ocrx_word' id='word_1_39' title='bbox 163 597 254 682; x_wconf 91' lang='lat' dir='ltr'><strong>quod</strong></span> <span class='ocrx_word' id='word_1_40' title='bbox 277 595 421 680; x_wconf 79' lang='lat' dir='ltr'><strong>pertinet</strong></span> <span class='ocrx_word' id='word_1_41' title='bbox 443 597 486 662; x_wconf 88' lang='lat' dir='ltr'><strong>ad</strong></span> <span class='ocrx_word' id='word_1_42' title='bbox 509 596 669 663; x_wconf 84' lang='lat' dir='ltr'>visionem</span> <span class='ocrx_word' id='word_1_43' title='bbox 694 600 877 678; x_wconf 89' lang='lat' dir='ltr'><strong>beatorum,</strong></span> <span class='ocrx_word' id='word_1_44' title='bbox 899 601 934 663; x_wconf 90' lang='lat' dir='ltr'><strong>et</strong></span> <span class='ocrx_word' id='word_1_45' title='bbox 952 617 1046 664; x_wconf 88' lang='lat' dir='ltr'><strong>exee-</strong></span> 
     </span>
     <span class='ocr_line' id='line_1_8' title="bbox 29 685 1046 773; baseline 0.003 -23"><span class='ocrx_word' id='word_1_46' title='bbox 29 685 78 750; x_wconf 92' lang='lat' dir='ltr'><strong>dit</strong></span> <span class='ocrx_word' id='word_1_47' title='bbox 99 691 221 753; x_wconf 91' lang='lat' dir='ltr'><strong>statum</strong></span> <span class='ocrx_word' id='word_1_48' title='bbox 244 686 317 768; x_wconf 82' lang='lat' dir='ltr'><strong>viae,</strong></span> <span class='ocrx_word' id='word_1_49' title='bbox 341 687 399 754; x_wconf 90' lang='lat' dir='ltr'><strong>sed</strong></span> <span class='ocrx_word' id='word_1_50' title='bbox 422 706 490 766; x_wconf 84' lang='lat' dir='ltr'><strong>pon</strong></span> <span class='ocrx_word' id='word_1_51' title='bbox 514 687 578 752; x_wconf 91' lang='lat' dir='ltr'><strong>luit</strong></span> <span class='ocrx_word' id='word_1_52' title='bbox 600 690 724 768; x_wconf 88' lang='lat' dir='ltr'><strong>beatus,</strong></span> <span class='ocrx_word' id='word_1_53' title='bbox 748 688 825 773; x_wconf 91' lang='lat' dir='ltr'><strong>quia</strong></span> <span class='ocrx_word' id='word_1_54' title='bbox 847 689 961 754; x_wconf 89' lang='lat' dir='ltr'><strong>lumen</strong></span> <span class='ocrx_word' id='word_1_55' title='bbox 978 689 1046 771; x_wconf 81' lang='lat' dir='ltr'><strong>glo·</strong></span> 
     </span>
     <span class='ocr_line' id='line_1_9' title="bbox 29 775 1045 861; baseline 0.004 -23"><span class='ocrx_word' id='word_1_56' title='bbox 29 775 86 839; x_wconf 77' lang='lat' dir='ltr'><strong>riae</strong></span> <span class='ocrx_word' id='word_1_57' title='bbox 109 775 144 843; x_wconf 94' lang='lat' dir='ltr'><strong>in</strong></span> <span class='ocrx_word' id='word_1_58' title='bbox 166 795 206 842; x_wconf 90' lang='lat' dir='ltr'><strong>eo</strong></span> <span class='ocrx_word' id='word_1_59' title='bbox 229 797 298 844; x_wconf 92' lang='lat' dir='ltr'><strong>non</strong></span> <span class='ocrx_word' id='word_1_60' title='bbox 321 776 384 843; x_wconf 88' lang='lat' dir='ltr'><strong>luit</strong></span> <span class='ocrx_word' id='word_1_61' title='bbox 405 794 465 860; x_wconf 86' lang='lat' dir='ltr'><strong>per</strong></span> <span class='ocrx_word' id='word_1_62' title='bbox 488 778 625 843; x_wconf 90' lang='lat' dir='ltr'><strong>modum</strong></span> <span class='ocrx_word' id='word_1_63' title='bbox 648 777 884 861; x_wconf 87' lang='lat' dir='ltr'><strong>permanentis,</strong></span> <span class='ocrx_word' id='word_1_64' title='bbox 908 780 941 842; x_wconf 87' lang='lat' dir='ltr'><strong>et</strong></span> <span class='ocrx_word' id='word_1_65' title='bbox 963 780 1045 842; x_wconf 89' lang='lat' dir='ltr'><strong>tunc</strong></span> 
     </span>
     <span class='ocr_line' id='line_1_10' title="bbox 32 865 1045 946; baseline 0.003 -18"><span class='ocrx_word' id='word_1_66' title='bbox 32 885 99 930; x_wconf 95' lang='lat' dir='ltr'><strong>non</strong></span> <span class='ocrx_word' id='word_1_67' title='bbox 132 865 249 932; x_wconf 88' lang='lat' dir='ltr'><strong>babuit</strong></span> <span class='ocrx_word' id='word_1_68' title='bbox 283 867 382 932; x_wconf 84' lang='lat' dir='ltr'><strong>fidem</strong></span> <span class='ocrx_word' id='word_1_69' title='bbox 415 868 507 944; x_wconf 91' lang='lat' dir='ltr'><strong>actu,</strong></span> <span class='ocrx_word' id='word_1_70' title='bbox 538 867 596 932; x_wconf 91' lang='lat' dir='ltr'><strong>sed</strong></span> <span class='ocrx_word' id='word_1_71' title='bbox 617 867 749 946; x_wconf 91' lang='lat' dir='ltr'><strong>babitu,</strong></span> <span class='ocrx_word' id='word_1_72' title='bbox 782 867 868 933; x_wconf 91' lang='lat' dir='ltr'><strong>sicut</strong></span> <span class='ocrx_word' id='word_1_73' title='bbox 890 885 959 933; x_wconf 93' lang='lat' dir='ltr'><strong>non</strong></span> <span class='ocrx_word' id='word_1_74' title='bbox 983 867 1045 932; x_wconf 85' lang='lat' dir='ltr'><strong>luit</strong></span> 
     </span>
     <span class='ocr_line' id='line_1_11' title="bbox 30 955 1045 1042; baseline 0.002 -23"><span class='ocrx_word' id='word_1_75' title='bbox 30 956 143 1020; x_wconf 88' lang='lat' dir='ltr'><strong>beatus</strong></span> <span class='ocrx_word' id='word_1_76' title='bbox 164 955 394 1034; x_wconf 87' lang='lat' dir='ltr'><strong>habitualiter,</strong></span> <span class='ocrx_word' id='word_1_77' title='bbox 416 957 474 1022; x_wconf 92' lang='lat' dir='ltr'><strong>sed</strong></span> <span class='ocrx_word' id='word_1_78' title='bbox 496 961 589 1036; x_wconf 89' lang='lat' dir='ltr'><strong>actu,</strong></span> <span class='ocrx_word' id='word_1_79' title='bbox 613 961 646 1022; x_wconf 90' lang='lat' dir='ltr'><strong>et</strong></span> <span class='ocrx_word' id='word_1_80' title='bbox 668 960 907 1042; x_wconf 87' lang='lat' dir='ltr'><strong>consequenter</strong></span> <span class='ocrx_word' id='word_1_81' title='bbox 930 956 1045 1022; x_wconf 89' lang='lat' dir='ltr'><strong>babuit</strong></span> 
     </span>
     <span class='ocr_line' id='line_1_12' title="bbox 31 1045 1045 1131; baseline 0.004 -23"><span class='ocrx_word' id='word_1_82' title='bbox 31 1045 298 1123; x_wconf 80' lang='lat' dir='ltr'><strong>delectationem,</strong></span> <span class='ocrx_word' id='word_1_83' title='bbox 332 1045 460 1111; x_wconf 90' lang='lat' dir='ltr'><strong>ratione</strong></span> <span class='ocrx_word' id='word_1_84' title='bbox 489 1045 582 1112; x_wconf 88' lang='lat' dir='ltr'><strong>cuius</strong></span> <span class='ocrx_word' id='word_1_85' title='bbox 617 1045 740 1131; x_wconf 88' lang='lat' dir='ltr'><strong>dicitur</strong></span> <span class='ocrx_word' id='word_1_86' title='bbox 769 1045 867 1114; x_wconf 88' lang='lat' dir='ltr'><strong>luisse</strong></span> <span class='ocrx_word' id='word_1_87' title='bbox 890 1046 925 1112; x_wconf 94' lang='lat' dir='ltr'><strong>in</strong></span> <span class='ocrx_word' id='word_1_88' title='bbox 949 1045 1045 1112; x_wconf 87' lang='lat' dir='ltr'><strong>Para·</strong></span> 
     </span>
     <span class='ocr_line' id='line_1_13' title="bbox 32 1133 811 1218; baseline 0.01 -22"><span class='ocrx_word' id='word_1_89' title='bbox 32 1133 109 1212; x_wconf 90' lang='lat' dir='ltr'><strong>diso,</strong></span> <span class='ocrx_word' id='word_1_90' title='bbox 132 1134 218 1200; x_wconf 90' lang='lat' dir='ltr'><strong>sieut</strong></span> <span class='ocrx_word' id='word_1_91' title='bbox 241 1155 300 1218; x_wconf 88' lang='lat' dir='ltr'><strong>per</strong></span> <span class='ocrx_word' id='word_1_92' title='bbox 323 1133 635 1218; x_wconf 89' lang='lat' dir='ltr'><strong>contemplationem</strong></span> <span class='ocrx_word' id='word_1_93' title='bbox 659 1135 693 1202; x_wconf 95' lang='lat' dir='ltr'><strong>in</strong></span> <span class='ocrx_word' id='word_1_94' title='bbox 717 1137 811 1204; x_wconf 84' lang='lat' dir='ltr'><strong>ooelo.</strong></span> 
     </span>
    </p>

    <p class='ocr_par' dir='ltr' id='par_1_5' title="bbox 32 1221 1045 1392">
     <span class='ocr_line' id='line_1_14' title="bbox 33 1221 1045 1310; baseline 0.006 -24"><span class='ocrx_word' id='word_1_95' title='bbox 33 1221 145 1288; x_wconf 84' lang='lat' dir='ltr'><strong>*item</strong></span> <span class='ocrx_word' id='word_1_96' title='bbox 169 1225 307 1289; x_wconf 89' lang='lat' dir='ltr'><strong>tertium</strong></span> <span class='ocrx_word' id='word_1_97' title='bbox 330 1225 448 1292; x_wconf 85' lang='lat' dir='ltr'><strong>eoelum</strong></span> <span class='ocrx_word' id='word_1_98' title='bbox 472 1229 521 1290; x_wconf 88' lang='lat' dir='ltr'><strong>est</strong></span> <span class='ocrx_word' id='word_1_99' title='bbox 542 1245 748 1310; x_wconf 85' lang='lat' dir='ltr'><strong>empyreum,</strong></span> <span class='ocrx_word' id='word_1_100' title='bbox 764 1228 816 1292; x_wconf 88' lang='lat' dir='ltr'><strong>vel</strong></span> <span class='ocrx_word' id='word_1_101' title='bbox 841 1224 923 1292; x_wconf 90' lang='lat' dir='ltr'><strong>visio</strong></span> <span class='ocrx_word' id='word_1_102' title='bbox 946 1245 1045 1310; x_wconf 88' lang='lat' dir='ltr'><strong>super</strong></span> 
     </span>
     <span class='ocr_line' id='line_1_15' title="bbox 32 1313 408 1392; baseline 0.005 -16"><span class='ocrx_word' id='word_1_103' title='bbox 32 1313 210 1392; x_wconf 90' lang='lat' dir='ltr'><strong>mundana,</strong></span> <span class='ocrx_word' id='word_1_104' title='bbox 233 1315 287 1380; x_wconf 85' lang='lat' dir='ltr'><strong>vel</strong></span> <span class='ocrx_word' id='word_1_105' title='bbox 311 1314 408 1380; x_wconf 90' lang='lat' dir='ltr'><strong>Deus.</strong></span> 
     </span>
    </p>

    <p class='ocr_par' dir='ltr' id='par_1_6' title="bbox 16 1399 1048 2370">
     <span class='ocr_line' id='line_1_16' title="bbox 16 1399 1044 1490; baseline 0.002 -22"><span class='ocrx_word' id='word_1_106' title='bbox 16 1399 74 1468; x_wconf 81' lang='lat' dir='ltr'><strong>Art.</strong></span> <span class='ocrx_word' id='word_1_107' title='bbox 97 1401 129 1468; x_wconf 82' lang='lat' dir='ltr'><strong>l.</strong></span> <span class='ocrx_word' id='word_1_108' title='bbox 150 1401 202 1472; x_wconf 84' lang='lat' dir='ltr'><strong>Aa</strong></span> <span class='ocrx_word' id='word_1_109' title='bbox 222 1404 337 1472; x_wconf 85' lang='lat' dir='ltr'><strong>Paulas</strong></span> <span class='ocrx_word' id='word_1_110' title='bbox 358 1406 394 1470; x_wconf 81' lang='lat' dir='ltr'><strong>to</strong></span> <span class='ocrx_word' id='word_1_111' title='bbox 409 1410 501 1488; x_wconf 80' lang='lat' dir='ltr'><strong>repta</strong></span> <span class='ocrx_word' id='word_1_112' title='bbox 517 1407 615 1490; x_wconf 77' lang='lat' dir='ltr'><strong>feerit</strong></span> <span class='ocrx_word' id='word_1_113' title='bbox 636 1407 827 1474; x_wconf 74' lang='lat' dir='ltr'><strong>alienatore</strong></span> <span class='ocrx_word' id='word_1_114' title='bbox 848 1405 1044 1490; x_wconf 70' lang='lat' dir='ltr'><strong>reordinari.</strong></span> 
     </span>
     <span class='ocr_line' id='line_1_17' title="bbox 33 1491 1014 1578; baseline 0.002 -22"><span class='ocrx_word' id='word_1_115' title='bbox 33 1491 89 1571; x_wconf 89' lang='lat' dir='ltr'><strong>Sic,</strong></span> <span class='ocrx_word' id='word_1_116' title='bbox 112 1493 192 1578; x_wconf 90' lang='lat' dir='ltr'><strong>quia</strong></span> <span class='ocrx_word' id='word_1_117' title='bbox 215 1494 300 1560; x_wconf 88' lang='lat' dir='ltr'><strong>vidit</strong></span> <span class='ocrx_word' id='word_1_118' title='bbox 314 1493 488 1560; x_wconf 80' lang='lat' dir='ltr'><strong>essentiam</strong></span> <span class='ocrx_word' id='word_1_119' title='bbox 510 1494 580 1574; x_wconf 89' lang='lat' dir='ltr'><strong>Dei,</strong></span> <span class='ocrx_word' id='word_1_120' title='bbox 603 1498 636 1560; x_wconf 91' lang='lat' dir='ltr'><strong>et</strong></span> <span class='ocrx_word' id='word_1_121' title='bbox 659 1496 706 1561; x_wconf 92' lang='lat' dir='ltr'><strong>nil</strong></span> <span class='ocrx_word' id='word_1_122' title='bbox 729 1495 820 1562; x_wconf 89' lang='lat' dir='ltr'><strong>aliud</strong></span> <span class='ocrx_word' id='word_1_123' title='bbox 842 1495 1014 1561; x_wconf 87' lang='lat' dir='ltr'><strong>intellexit.</strong></span> 
     </span>
     <span class='ocr_line' id='line_1_18' title="bbox 34 1581 1042 1652; baseline -0.001 -4"><span class='ocrx_word' id='word_1_124' title='bbox 34 1581 44 1609; x_wconf 75' lang='lat'><strong>‘</strong></span> <span class='ocrx_word' id='word_1_125' title='bbox 66 1581 212 1649; x_wconf 90' lang='lat' dir='ltr'><strong>Christus</strong></span> <span class='ocrx_word' id='word_1_126' title='bbox 235 1584 316 1650; x_wconf 91' lang='lat' dir='ltr'><strong>dum</strong></span> <span class='ocrx_word' id='word_1_127' title='bbox 339 1587 412 1650; x_wconf 88' lang='lat' dir='ltr'><strong>erat</strong></span> <span class='ocrx_word' id='word_1_128' title='bbox 434 1583 541 1650; x_wconf 90' lang='lat' dir='ltr'><strong>viator</strong></span> <span class='ocrx_word' id='word_1_129' title='bbox 558 1583 693 1652; x_wconf 87' lang='lat' dir='ltr'><strong>videbat</strong></span> <span class='ocrx_word' id='word_1_130' title='bbox 707 1585 856 1652; x_wconf 87' lang='lat' dir='ltr'><strong>divinam</strong></span> <span class='ocrx_word' id='word_1_131' title='bbox 872 1586 1042 1650; x_wconf 77' lang='lat' dir='ltr'><strong>essentiam</strong></span> 
     </span>
     <span class='ocr_line' id='line_1_19' title="bbox 34 1673 1045 1758; baseline 0.001 -20"><span class='ocrx_word' id='word_1_132' title='bbox 34 1673 149 1757; x_wconf 85' lang='lat' dir='ltr'><strong>absque</strong></span> <span class='ocrx_word' id='word_1_133' title='bbox 172 1673 392 1742; x_wconf 79' lang='lat' dir='ltr'><strong>abstractione</strong></span> <span class='ocrx_word' id='word_1_134' title='bbox 415 1693 435 1738; x_wconf 91' lang='lat' dir='ltr'><strong>a</strong></span> <span class='ocrx_word' id='word_1_135' title='bbox 456 1673 622 1754; x_wconf 87' lang='lat' dir='ltr'><strong>sensibus,</strong></span> <span class='ocrx_word' id='word_1_136' title='bbox 646 1674 723 1758; x_wconf 91' lang='lat' dir='ltr'><strong>quia</strong></span> <span class='ocrx_word' id='word_1_137' title='bbox 746 1680 817 1742; x_wconf 86' lang='lat' dir='ltr'><strong>erat</strong></span> <span class='ocrx_word' id='word_1_138' title='bbox 840 1677 953 1742; x_wconf 89' lang='lat' dir='ltr'><strong>beatus</strong></span> <span class='ocrx_word' id='word_1_139' title='bbox 987 1697 1045 1758; x_wconf 89' lang='grc' dir='ltr'>ρει·</span> 
     </span>
     <span class='ocr_line' id='line_1_20' title="bbox 34 1761 1045 1848; baseline 0.007 -24"><span class='ocrx_word' id='word_1_140' title='bbox 34 1761 194 1829; x_wconf 86' lang='lat' dir='ltr'><strong>habituale</strong></span> <span class='ocrx_word' id='word_1_141' title='bbox 216 1763 330 1829; x_wconf 91' lang='lat' dir='ltr'><strong>lumen</strong></span> <span class='ocrx_word' id='word_1_142' title='bbox 353 1761 481 1848; x_wconf 73' lang='lat' dir='ltr'><strong>gloria,</strong></span> <span class='ocrx_word' id='word_1_143' title='bbox 505 1767 574 1830; x_wconf 93' lang='lat' dir='ltr'><strong>non</strong></span> <span class='ocrx_word' id='word_1_144' title='bbox 597 1762 644 1828; x_wconf 91' lang='lat' dir='ltr'><strong>sic</strong></span> <span class='ocrx_word' id='word_1_145' title='bbox 660 1763 788 1829; x_wconf 83' lang='lat' dir='ltr'><strong>caeteri.</strong></span> <span class='ocrx_word' id='word_1_146' title='bbox 824 1763 904 1829; x_wconf 91' lang='lat' dir='ltr'><strong>item</strong></span> <span class='ocrx_word' id='word_1_147' title='bbox 927 1764 1045 1831; x_wconf 87' lang='lat' dir='ltr'><strong>Paulus</strong></span> 
     </span>
     <span class='ocr_line' id='line_1_21' title="bbox 34 1853 1046 1940; baseline 0.004 -24"><span class='ocrx_word' id='word_1_148' title='bbox 34 1855 98 1931; x_wconf 91' lang='lat' dir='ltr'><strong>post</strong></span> <span class='ocrx_word' id='word_1_149' title='bbox 121 1856 256 1938; x_wconf 86' lang='lat' dir='ltr'><strong>raptum</strong></span> <span class='ocrx_word' id='word_1_150' title='bbox 280 1853 341 1919; x_wconf 85' lang='lat' dir='ltr'><strong>luit</strong></span> <span class='ocrx_word' id='word_1_151' title='bbox 364 1869 492 1919; x_wconf 87' lang='lat' dir='ltr'><strong>memor</strong></span> <span class='ocrx_word' id='word_1_152' title='bbox 514 1853 637 1919; x_wconf 89' lang='lat' dir='ltr'><strong>divinae</strong></span> <span class='ocrx_word' id='word_1_153' title='bbox 668 1853 817 1920; x_wconf 87' lang='lat' dir='ltr'><strong>essentiae</strong></span> <span class='ocrx_word' id='word_1_154' title='bbox 840 1873 899 1938; x_wconf 89' lang='lat' dir='ltr'><strong>per</strong></span> <span class='ocrx_word' id='word_1_155' title='bbox 922 1853 1046 1940; x_wconf 87' lang='lat' dir='ltr'><strong>aliquas</strong></span> 
     </span>
     <span class='ocr_line' id='line_1_22' title="bbox 32 1941 1048 2028; baseline 0.004 -24"><span class='ocrx_word' id='word_1_156' title='bbox 32 1943 148 2024; x_wconf 86' lang='lat' dir='ltr'><strong>speeies</strong></span> <span class='ocrx_word' id='word_1_157' title='bbox 171 1941 393 2028; x_wconf 79' lang='lat' dir='ltr'><strong>intelligibiles</strong></span> <span class='ocrx_word' id='word_1_158' title='bbox 411 1941 627 2009; x_wconf 38' lang='lat' dir='ltr'><strong>*habitualiter</strong></span> <span class='ocrx_word' id='word_1_159' title='bbox 650 1943 779 2010; x_wconf 87' lang='lat' dir='ltr'><strong>relictas</strong></span> <span class='ocrx_word' id='word_1_160' title='bbox 802 1943 926 2010; x_wconf 90' lang='lat' dir='ltr'><strong>ineius</strong></span> <span class='ocrx_word' id='word_1_161' title='bbox 949 1944 1048 2010; x_wconf 84' lang='lat' dir='ltr'><strong>intel-</strong></span> 
     </span>
     <span class='ocr_line' id='line_1_23' title="bbox 32 2029 1046 2117; baseline 0.008 -25"><span class='ocrx_word' id='word_1_162' title='bbox 32 2029 122 2100; x_wconf 82' lang='lat' dir='ltr'><strong>lectu.</strong></span> <span class='ocrx_word' id='word_1_163' title='bbox 146 2032 230 2098; x_wconf 89' lang='lat' dir='ltr'><strong>ltem</strong></span> <span class='ocrx_word' id='word_1_164' title='bbox 259 2033 295 2098; x_wconf 94' lang='lat' dir='ltr'><strong>in</strong></span> <span class='ocrx_word' id='word_1_165' title='bbox 327 2031 429 2100; x_wconf 88' lang='lat' dir='ltr'><strong>beatis</strong></span> <span class='ocrx_word' id='word_1_166' title='bbox 458 2031 515 2117; x_wconf 90' lang='lat' dir='ltr'><strong>qui</strong></span> <span class='ocrx_word' id='word_1_167' title='bbox 548 2032 666 2099; x_wconf 90' lang='lat' dir='ltr'><strong>vident</strong></span> <span class='ocrx_word' id='word_1_168' title='bbox 688 2033 837 2100; x_wconf 89' lang='lat' dir='ltr'><strong>divinam</strong></span> <span class='ocrx_word' id='word_1_169' title='bbox 872 2033 1046 2101; x_wconf 89' lang='lat' dir='ltr'><strong>essentiam</strong></span> 
     </span>
     <span class='ocr_line' id='line_1_24' title="bbox 34 2120 1047 2202; baseline 0.005 -16"><span class='ocrx_word' id='word_1_170' title='bbox 34 2140 93 2188; x_wconf 91' lang='lat' dir='ltr'><strong>non</strong></span> <span class='ocrx_word' id='word_1_171' title='bbox 116 2125 156 2190; x_wconf 85' lang='lat' dir='ltr'><strong>lit</strong></span> <span class='ocrx_word' id='word_1_172' title='bbox 180 2123 355 2192; x_wconf 78' lang='lat' dir='ltr'><strong>abstractio</strong></span> <span class='ocrx_word' id='word_1_173' title='bbox 377 2143 398 2188; x_wconf 91' lang='lat' dir='ltr'><strong>a</strong></span> <span class='ocrx_word' id='word_1_174' title='bbox 418 2120 579 2202; x_wconf 84' lang='lat' dir='ltr'><strong>sensibus,</strong></span> <span class='ocrx_word' id='word_1_175' title='bbox 600 2123 659 2190; x_wconf 89' lang='lat' dir='ltr'><strong>sed</strong></span> <span class='ocrx_word' id='word_1_176' title='bbox 682 2127 731 2190; x_wconf 85' lang='lat' dir='ltr'><strong>est</strong></span> <span class='ocrx_word' id='word_1_177' title='bbox 757 2123 981 2195; x_wconf 86' lang='lat' dir='ltr'><strong>redundantia</strong></span> <span class='ocrx_word' id='word_1_178' title='bbox 1003 2125 1047 2191; x_wconf 91' lang='lat' dir='ltr'><strong>ab</strong></span> 
     </span>
     <span class='ocr_line' id='line_1_25' title="bbox 34 2209 1046 2313; baseline 0.007 -40"><span class='ocrx_word' id='word_1_179' title='bbox 34 2209 198 2313; x_wconf 84' lang='lat' dir='ltr'><strong>intellectu</strong></span> <span class='ocrx_word' id='word_1_180' title='bbox 221 2213 263 2278; x_wconf 91' lang='lat' dir='ltr'><strong>ad</strong></span> <span class='ocrx_word' id='word_1_181' title='bbox 286 2211 458 2280; x_wconf 82' lang='lat' dir='ltr'><strong>inferiores</strong></span> <span class='ocrx_word' id='word_1_182' title='bbox 492 2212 579 2278; x_wconf 89' lang='lat' dir='ltr'><strong>vires</strong></span> <span class='ocrx_word' id='word_1_183' title='bbox 610 2232 713 2300; x_wconf 88' lang='lat' dir='ltr'><strong>usque</strong></span> <span class='ocrx_word' id='word_1_184' title='bbox 742 2215 785 2281; x_wconf 89' lang='lat' dir='ltr'><strong>ad</strong></span> <span class='ocrx_word' id='word_1_185' title='bbox 807 2233 944 2299; x_wconf 89' lang='lat' dir='ltr'><strong>eorpus,</strong></span> <span class='ocrx_word' id='word_1_186' title='bbox 977 2233 1046 2281; x_wconf 93' lang='lat' dir='ltr'><strong>non</strong></span> 
     </span>
     <span class='ocr_line' id='line_1_26' title="bbox 34 2302 219 2370; baseline 0.016 -6"><span class='ocrx_word' id='word_1_187' title='bbox 34 2317 73 2366; x_wconf 87' lang='lat' dir='ltr'><strong>ue</strong></span> <span class='ocrx_word' id='word_1_188' title='bbox 93 2302 129 2370; x_wconf 95' lang='lat' dir='ltr'><strong>in</strong></span> <span class='ocrx_word' id='word_1_189' title='bbox 152 2303 219 2369; x_wconf 90' lang='lat' dir='ltr'><strong>via.</strong></span> 
     </span>
    </p>

    <p class='ocr_par' dir='ltr' id='par_1_7' title="bbox 19 2385 1048 2747">
     <span class='ocr_line' id='line_1_27' title="bbox 19 2385 1048 2478; baseline 0.005 -24"><span class='ocrx_word' id='word_1_190' title='bbox 19 2385 73 2458; x_wconf 79' lang='lat' dir='ltr'><strong>tre.</strong></span> <span class='ocrx_word' id='word_1_191' title='bbox 94 2391 125 2460; x_wconf 73' lang='grc' dir='ltr'><strong>ὅ.</strong></span> <span class='ocrx_word' id='word_1_192' title='bbox 150 2391 205 2460; x_wconf 79' lang='lat' dir='ltr'><strong>Aa</strong></span> <span class='ocrx_word' id='word_1_193' title='bbox 228 2394 333 2460; x_wconf 80' lang='lat' dir='ltr'><strong>enimc</strong></span> <span class='ocrx_word' id='word_1_194' title='bbox 364 2393 457 2462; x_wconf 81' lang='lat' dir='ltr'><strong>Pauli</strong></span> <span class='ocrx_word' id='word_1_195' title='bbox 485 2395 521 2460; x_wconf 82' lang='lat' dir='ltr'><strong>ic</strong></span> <span class='ocrx_word' id='word_1_196' title='bbox 549 2393 604 2460; x_wconf 82' lang='lat' dir='ltr'><strong>illo</strong></span> <span class='ocrx_word' id='word_1_197' title='bbox 637 2399 719 2462; x_wconf 85' lang='lat' dir='ltr'><strong>stota</strong></span> <span class='ocrx_word' id='word_1_198' title='bbox 753 2395 851 2478; x_wconf 71' lang='lat' dir='ltr'><strong>faerit</strong></span> <span class='ocrx_word' id='word_1_199' title='bbox 881 2395 1048 2462; x_wconf 79' lang='lat' dir='ltr'><strong>omninoo</strong></span> 
     </span>
     <span class='ocr_line' id='line_1_28' title="bbox 34 2481 1047 2569; baseline 0.004 -24"><span class='ocrx_word' id='word_1_200' title='bbox 34 2499 148 2566; x_wconf 85' lang='lat' dir='ltr'><strong>corpora</strong></span> <span class='ocrx_word' id='word_1_201' title='bbox 171 2492 321 2568; x_wconf 78' lang='lat' dir='ltr'><strong>seperate.</strong></span> <span class='ocrx_word' id='word_1_202' title='bbox 346 2485 382 2569; x_wconf 72' lang='lat' dir='ltr'><strong>ri.</strong></span> <span class='ocrx_word' id='word_1_203' title='bbox 406 2481 486 2562; x_wconf 90' lang='lat' dir='ltr'><strong>Non,</strong></span> <span class='ocrx_word' id='word_1_204' title='bbox 511 2483 589 2568; x_wconf 86' lang='lat' dir='ltr'><strong>quia</strong></span> <span class='ocrx_word' id='word_1_205' title='bbox 611 2484 810 2551; x_wconf 80' lang='lat' dir='ltr'><strong>informabat</strong></span> <span class='ocrx_word' id='word_1_206' title='bbox 833 2502 962 2568; x_wconf 88' lang='lat' dir='ltr'><strong>corpus,</strong></span> <span class='ocrx_word' id='word_1_207' title='bbox 988 2485 1047 2550; x_wconf 88' lang='lat' dir='ltr'><strong>sed</strong></span> 
     </span>
     <span class='ocr_line' id='line_1_29' title="bbox 35 2570 1047 2658; baseline 0.004 -24"><span class='ocrx_word' id='word_1_208' title='bbox 35 2570 94 2637; x_wconf 88' lang='lat' dir='ltr'><strong>eius</strong></span> <span class='ocrx_word' id='word_1_209' title='bbox 117 2573 306 2641; x_wconf 88' lang='lat' dir='ltr'><strong>intellectus</strong></span> <span class='ocrx_word' id='word_1_210' title='bbox 328 2573 392 2640; x_wconf 84' lang='lat' dir='ltr'><strong>luit</strong></span> <span class='ocrx_word' id='word_1_211' title='bbox 420 2575 602 2640; x_wconf 79' lang='lat' dir='ltr'><strong>abstractus</strong></span> <span class='ocrx_word' id='word_1_212' title='bbox 624 2593 644 2639; x_wconf 90' lang='lat' dir='ltr'><strong>a</strong></span> <span class='ocrx_word' id='word_1_213' title='bbox 667 2573 949 2658; x_wconf 83' lang='lat' dir='ltr'><strong>phantasmatibus</strong></span> <span class='ocrx_word' id='word_1_214' title='bbox 972 2577 1047 2639; x_wconf 89' lang='lat' dir='ltr'><strong>eta</strong></span> 
     </span>
     <span class='ocr_line' id='line_1_30' title="bbox 35 2661 813 2747; baseline 0 -21"><span class='ocrx_word' id='word_1_215' title='bbox 35 2663 238 2747; x_wconf 84' lang='lat' dir='ltr'><strong>perceptione</strong></span> <span class='ocrx_word' id='word_1_216' title='bbox 259 2661 464 2729; x_wconf 88' lang='lat' dir='ltr'><strong>sensibilium</strong></span> <span class='ocrx_word' id='word_1_217' title='bbox 486 2665 524 2728; x_wconf 89' lang='lat' dir='ltr'><strong>ut</strong></span> <span class='ocrx_word' id='word_1_218' title='bbox 546 2662 651 2728; x_wconf 90' lang='lat' dir='ltr'><strong>Deum</strong></span> <span class='ocrx_word' id='word_1_219' title='bbox 674 2664 813 2730; x_wconf 91' lang='lat' dir='ltr'><strong>videret.</strong></span> 
     </span>
    </p>

    <p class='ocr_par' dir='ltr' id='par_1_8' title="bbox 19 2745 1049 2930">
     <span class='ocr_line' id='line_1_31' title="bbox 19 2745 1049 2839; baseline 0.012 -27"><span class='ocrx_word' id='word_1_220' title='bbox 19 2745 71 2817; x_wconf 87' lang='lat' dir='ltr'><strong>lrt.</strong></span> <span class='ocrx_word' id='word_1_221' title='bbox 93 2752 124 2819; x_wconf 84' lang='grc'><strong>6.</strong></span> <span class='ocrx_word' id='word_1_222' title='bbox 148 2751 200 2820; x_wconf 82' lang='lat' dir='ltr'><strong>Aa</strong></span> <span class='ocrx_word' id='word_1_223' title='bbox 223 2752 338 2821; x_wconf 83' lang='lat' dir='ltr'><strong>Paulas</strong></span> <span class='ocrx_word' id='word_1_224' title='bbox 369 2754 576 2838; x_wconf 63' lang='lat' dir='ltr'><strong>tranaverit,</strong></span> <span class='ocrx_word' id='word_1_225' title='bbox 610 2773 652 2820; x_wconf 82' lang='lat' dir='ltr'><strong>aa</strong></span> <span class='ocrx_word' id='word_1_226' title='bbox 680 2755 784 2820; x_wconf 70' lang='lat' dir='ltr'><strong>omme</strong></span> <span class='ocrx_word' id='word_1_227' title='bbox 817 2754 882 2820; x_wconf 82' lang='lat' dir='ltr'><strong>eiua</strong></span> <span class='ocrx_word' id='word_1_228' title='bbox 911 2756 1049 2839; x_wconf 78' lang='lat' dir='ltr'><strong>faerito</strong></span> 
     </span>
     <span class='ocr_line' id='line_1_32' title="bbox 34 2841 917 2930; baseline -0.002 -18"><span class='ocrx_word' id='word_1_229' title='bbox 34 2857 149 2927; x_wconf 75' lang='lat' dir='ltr'><strong>torpore</strong></span> <span class='ocrx_word' id='word_1_230' title='bbox 172 2850 322 2930; x_wconf 76' lang='lat' dir='ltr'><strong>ceperam</strong></span> <span class='ocrx_word' id='word_1_231' title='bbox 347 2843 382 2929; x_wconf 70' lang='lat' dir='ltr'><strong>ri.</strong></span> <span class='ocrx_word' id='word_1_232' title='bbox 406 2841 469 2924; x_wconf 91' lang='lat' dir='ltr'><strong>Sic,</strong></span> <span class='ocrx_word' id='word_1_233' title='bbox 492 2842 585 2923; x_wconf 89' lang='lat' dir='ltr'><strong>idest,</strong></span> <span class='ocrx_word' id='word_1_234' title='bbox 609 2863 652 2910; x_wconf 92' lang='lat' dir='ltr'><strong>an</strong></span> <span class='ocrx_word' id='word_1_235' title='bbox 676 2843 917 2911; x_wconf 78' lang='lat' dir='ltr'><strong>informaverit.</strong></span> 
     </span>
    </p>
   </div>
   <div class='ocr_carea' id='block_1_4' title="bbox 347 3001 701 3110">
    <p class='ocr_par' dir='ltr' id='par_1_9' title="bbox 347 3001 701 3110">
     <span class='ocr_line' id='line_1_33' title="bbox 347 3001 701 3110; baseline -0.003 -19"><span class='ocrx_word' id='word_1_236' title='bbox 347 3001 526 3110; x_wconf 72' lang='lat' dir='ltr'><strong>consuo</strong></span> <span class='ocrx_word' id='word_1_237' title='bbox 549 3019 701 3094; x_wconf 80' lang='lat' dir='ltr'><strong>eaxan.</strong></span> 
     </span>
    </p>
   </div>
   <div class='ocr_carea' id='block_1_5' title="bbox 46 3201 1018 3381">
    <p class='ocr_par' dir='ltr' id='par_1_10' title="bbox 46 3201 1018 3381">
     <span class='ocr_line' id='line_1_34' title="bbox 146 3201 899 3290; baseline -0.004 -14"><span class='ocrx_word' id='word_1_238' title='bbox 146 3201 242 3276; x_wconf 84' lang='lat' dir='ltr'><strong>De</strong></span> <span class='ocrx_word' id='word_1_239' title='bbox 266 3203 482 3290; x_wconf 75' lang='lat' dir='ltr'><strong>gratiis</strong></span> <span class='ocrx_word' id='word_1_240' title='bbox 506 3209 699 3290; x_wconf 77' lang='lat' dir='ltr'><strong>gratis</strong></span> <span class='ocrx_word' id='word_1_241' title='bbox 724 3201 899 3288; x_wconf 64' lang='lat' dir='ltr'><strong>datie,</strong></span> 
     </span>
     <span class='ocr_line' id='line_1_35' title="bbox 46 3299 1018 3381; baseline 0.003 -17"><span class='ocrx_word' id='word_1_242' title='bbox 46 3307 170 3375; x_wconf 83' lang='lat' dir='ltr'><strong>quae</strong></span> <span class='ocrx_word' id='word_1_243' title='bbox 192 3301 509 3381; x_wconf 80' lang='lat' dir='ltr'><strong>pertinent</strong></span> <span class='ocrx_word' id='word_1_244' title='bbox 529 3299 604 3366; x_wconf 88' lang='lat' dir='ltr'><strong>ad</strong></span> <span class='ocrx_word' id='word_1_245' title='bbox 627 3300 1018 3367; x_wconf 80' lang='lat' dir='ltr'><strong>locutionem.</strong></span> 
     </span>
    </p>
   </div>
   <div class='ocr_carea' id='block_1_6' title="bbox 10 3459 1049 3744">
    <p class='ocr_par' dir='ltr' id='par_1_11' title="bbox 10 3459 1049 3744">
     <span class='ocr_line' id='line_1_36' title="bbox 23 3459 1049 3562; baseline 0.006 -29"><span class='ocrx_word' id='word_1_246' title='bbox 23 3459 75 3539; x_wconf 81' lang='lat' dir='ltr'><strong>lrt.</strong></span> <span class='ocrx_word' id='word_1_247' title='bbox 100 3475 130 3542; x_wconf 92' lang='lat' dir='ltr'><strong>l.</strong></span> <span class='ocrx_word' id='word_1_248' title='bbox 162 3475 213 3544; x_wconf 81' lang='lat' dir='ltr'><strong>Aa</strong></span> <span class='ocrx_word' id='word_1_249' title='bbox 241 3479 295 3562; x_wconf 79' lang='lat' dir='ltr'><strong>poi</strong></span> <span class='ocrx_word' id='word_1_250' title='bbox 323 3469 472 3546; x_wconf 74' lang='lat' dir='ltr'><strong>toletani</strong></span> <span class='ocrx_word' id='word_1_251' title='bbox 498 3477 609 3546; x_wconf 82' lang='lat' dir='ltr'><strong>docum</strong></span> <span class='ocrx_word' id='word_1_252' title='bbox 644 3478 821 3561; x_wconf 68' lang='lat' dir='ltr'><strong>linaearum</strong></span> <span class='ocrx_word' id='word_1_253' title='bbox 853 3475 1049 3560; x_wconf 72' lang='lat' dir='ltr'><strong>toquentur</strong></span> 
     </span>
     <span class='ocr_line' id='line_1_37' title="bbox 10 3561 1047 3654; baseline 0 -24"><span class='ocrx_word' id='word_1_254' title='bbox 10 3569 11 3576; x_wconf 78' lang='grc'>’</span> <span class='ocrx_word' id='word_1_255' title='bbox 39 3563 165 3636; x_wconf 74' lang='lat' dir='ltr'><strong>recites</strong></span> <span class='ocrx_word' id='word_1_256' title='bbox 190 3566 315 3650; x_wconf 70' lang='lat' dir='ltr'><strong>linquis.</strong></span> <span class='ocrx_word' id='word_1_257' title='bbox 330 3569 365 3654; x_wconf 72' lang='lat' dir='ltr'><strong>ri.</strong></span> <span class='ocrx_word' id='word_1_258' title='bbox 381 3569 522 3653; x_wconf 79' lang='lat' dir='ltr'><strong>apostoli</strong></span> <span class='ocrx_word' id='word_1_259' title='bbox 544 3568 601 3650; x_wconf 90' lang='lat' dir='ltr'><strong>sic,</strong></span> <span class='ocrx_word' id='word_1_260' title='bbox 618 3566 696 3652; x_wconf 90' lang='lat' dir='ltr'><strong>quia</strong></span> <span class='ocrx_word' id='word_1_261' title='bbox 719 3567 779 3634; x_wconf 88' lang='lat' dir='ltr'><strong>toti</strong></span> <span class='ocrx_word' id='word_1_262' title='bbox 803 3567 930 3633; x_wconf 92' lang='lat' dir='ltr'><strong>mundo</strong></span> <span class='ocrx_word' id='word_1_263' title='bbox 946 3561 1047 3630; x_wconf 89' lang='lat' dir='ltr'><strong>missi.</strong></span> 
     </span>
     <span class='ocr_line' id='line_1_38' title="bbox 10 3645 1048 3744; baseline -0.001 -20"><span class='ocrx_word' id='word_1_264' title='bbox 10 3645 76 3724; x_wconf 40' lang='lat' dir='ltr'><strong>xllll.</strong></span> <span class='ocrx_word' id='word_1_265' title='bbox 96 3654 127 3726; x_wconf 76' lang='lat' dir='ltr'><strong>t.</strong></span> <span class='ocrx_word' id='word_1_266' title='bbox 151 3654 337 3728; x_wconf 70' lang='lat' dir='ltr'><strong>daedaleon</strong></span> <span class='ocrx_word' id='word_1_267' title='bbox 360 3659 535 3744; x_wconf 77' lang='lat' dir='ltr'><strong>ticeueran</strong></span> <span class='ocrx_word' id='word_1_268' title='bbox 548 3661 593 3728; x_wconf 84' lang='lat' dir='ltr'><strong>rit</strong></span> <span class='ocrx_word' id='word_1_269' title='bbox 606 3658 813 3740; x_wconf 74' lang='lat' dir='ltr'><strong>eccellentiae,</strong></span> <span class='ocrx_word' id='word_1_270' title='bbox 833 3674 922 3744; x_wconf 77' lang='lat' dir='ltr'><strong>qaam</strong></span> <span class='ocrx_word' id='word_1_271' title='bbox 943 3655 1048 3742; x_wconf 66' lang='lat' dir='ltr'><strong>patra</strong></span> 
     </span>
    </p>
   </div>
   <div class='ocr_carea' id='block_1_7' title="bbox 0 0 1309 4210">
    <p class='ocr_par' dir='ltr' id='par_1_12' title="bbox 0 0 1309 4210">
     <span class='ocr_line' id='line_1_39' title="bbox 0 0 1309 4210; baseline 0 0"><span class='ocrx_word' id='word_1_272' title='bbox 0 0 1309 4210; x_wconf 95' lang='lat' dir='ltr'><strong> </strong></span> 
     </span>
    </p>
   </div>
  </div>
 </body>
</html>
