2622 4210
254 109 329 176 ,262
523 125 567 174 cx
592 124 759 215 annuunt
778 123 958 215 secunus

241 261 290 332 uti
313 281 350 326 re
371 279 447 340 sua;
470 211 528 326 sed
560 280 628 326 non
658 259 756 325 licet
767 259 866 324 etiam
886 257 1168 340 portonaticum
1178 262 1277 326 tcm-

232 351 329 434 ‘poris
351 349 472 416 morari
497 349 532 414 in
557 353 689 432 peccato
712 349 872 425 scienter,
881 348 967 414 sicut
990 347 1161 416 nonlicet
1188 349 1278 478 reti·

240 459 320 506 uere
343 441 530 506 mercedem
553 439 769 507 mercenario.
957 486 960 495 .

239 529 480 612 *Praeceptum
497 529 701 594 restituendi
727 532 794 594 est
800 527 1054 609 affirmativum·
1072 471 1276 600 sacrandum

239 620 390 697 formam,
412 621 471 684 sed
494 618 667 685 includit
658 638 694 684 m
717 637 753 684 se
776 619 988 702 negativum,
1013 637 1080 702 quo
1103 618 1277 702 prohibe-

215 727 316 776 mur
339 729 410 776 rem
433 708 569 776 alterius
591 707 753 777 detincre.
834 741 836 746 ·
892 749 893 752 =
952 734 956 742 ’

584 884 762 974 Quasuo
790 887 889 955 curu.

213 1107 214 1112 =
270 1071 364 1140 De
389 1073 749 1153 acceptione
772 1085 1209 1152 personarum.
1308 1109 1309 1164 t

209 1249 284 1320 Art.
308 1251 339 1317 l.
361 1249 411 1316 Au
433 1252 563 1334 acceptio
584 1269 782 1334 persuasurum
804 1252 850 1316 sit
868 1259 1032 1332 peccatum.
1049 1253 1084 1336 ri.
1100 1249 1164 1328 Sic,
1181 1251 1271 1334 quia
1308 1245 1309 1332 f

237 1344 294 1405 dat
316 1339 424 1418 alicui,
449 1360 517 1406 non
541 1343 631 1425 quod
654 1341 684 1406 ei
706 1344 755 1406 est
776 1340 937 1416 debitum,
960 1343 1024 1408 sed
1041 1340 1189 1424 quiamst
1203 1340 1273 1404 Pe·
1308 1341 1309 1402 ὲ

207 1434 325 1509 =trus3
359 1434 391 1494 et
422 1431 484 1494 hoc
514 1436 562 1495 est
588 1435 714 1496 contra*
728 1429 889 1512 justitiam
913 1431 1178 1508 distributivam
1205 1431 1271 1494 sed

236 1520 264 1583 si
288 1520 399 1584 dando
421 1518 610 1585 considerat
632 1519 823 1604 qualitatem
843 1539 1007 1602 personae,
1030 1519 1085 1585 cui
1100 1523 1150 1584 est
1165 1519 1272 1584 debi-

238 1614 322 1687 lum,
346 1629 414 1674 non
438 1613 487 1674 est
509 1609 654 1692 acceptio
679 1628 839 1692 persunae,
860 1610 919 1674 sed
944 1613 1040 1686 causa
1059 1610 1158 1692 justa,
1178 1627 1217 1672 v.
1234 1629 1269 1692 g.

237 1699 314 1782 quia
337 1703 387 1763 est
409 1699 534 1764 doctus.
559 1697 640 1764 ltem
663 1699 721 1783 qui
744 1703 918 1782 promovet
941 1699 1084 1784 aliquam
1107 1699 1152 1764 ad
1170 1697 1271 1764 Prae·

236 1788 397 1868 laturam,
420 1789 497 1872 quia
520 1787 628 1867 dives,
653 1789 705 1853 vel
730 1789 1010 1873 consanguinem,
1041 1792 1089 1854 est
1111 1787 1270 1870 acceptio

115 1952 116 1955 Ἴ
235 1897 464 1960 personarum.
488 1878 567 1943 ltem
592 1879 627 1944 in
651 1878 702 1944 his
725 1883 808 1962 q'uae'
823 1879 948 1944 dautur
974 1898 1017 1943 ex
1043 1876 1268 1958 liberalitate,

236 1988 305 2033 nou
329 1971 377 2032 est
399 1968 544 2050 acceptio
568 1987 794 2050 personarum,
818 1969 876 2032 sed
900 1968 935 2033 in
959 1968 1018 2047 his,
1043 1987 1117 2052 quae
1140 1987 1183 2032 ex
1206 1969 1269 2051 ju·

233 2058 321 2121 stitia
329 2077 338 2138 ;
363 2057 466 2126 etsie
489 2057 524 2122 in
548 2057 710 2128 Dounon
732 2057 1133 2140 ast-:acoeptimpnsona

212 2146 283 2212 Art.
307 2145 339 2214 2,
363 2144 413 2212 Au
433 2149 788 2230 acceptiuparsauorum
810 2147 1040 2218 demutatorum
1052 2145 1266 2218 credundu-

234 2238 317 2301 ta'oua
339 2237 561 2318 spiritualium.
586 2239 622 2322 li.
645 2237 712 2315 Sic,
738 2242 775 2302 ut
798 2236 914 2302 relicto
937 2237 1099 2316 doctiore,
1124 2242 1158 2302 ct
1179 2256 1266 2302 san·

216 2325 334 2390 ctiore
358 2345 502 2410 paupere
524 2325 646 2410 eligere
669 2326 809 2394 divitem
833 2327 875 2394 ad
898 2329 1061 2394 honorem
1088 2326 1263 2406 aculeum

210 2448 221 2478 ;-
231 2415 299 2482 imo
330 2419 379 2482 est
412 2417 545 2499 gravius
580 2421 769 2500 peccatum,
800 2435 903 2500 quam
932 2416 1262 2500 intemporalibus,

231 2505 309 2589 quia
332 2504 514 2589 spiritualia
536 2511 616 2574 sunt
639 2507 783 2591 potiora,
815 2506 911 2583 ltem,
942 2526 1012 2574 non
1038 2512 1086 2572 est
1107 2506 1264 2589 acceptio

204 2627 211 2662 r
231 2614 449 2677 personarum
472 2596 498 2660 si
518 2596 659 2680 eligatur
676 2596 785 2663 minus
801 2602 945 2676 sanetus,
961 2601 995 2662 ct
1009 2597 1121 2662 minus
1135 2595 1262 2675 sciens,

230 2684 256 2750 si
288 2688 395 2768 potest
426 2685 528 2770 magis
556 2688 708 2752 conferre
730 2687 775 2752 ad
798 2688 924 2754 bonum
945 2705 1124 2754 comune
1147 2685 1263 2752 Eccle-

229 2773 296 2853 siae,
321 2793 353 2838 v.
377 2795 407 2858 g.
432 2778 568 2859 propter
590 2774 784 2858 potentiam,
813 2777 866 2840 val
898 2774 1097 2843 industriam
1119 2775 1262 2842 sacula-

230 2881 302 2928 aem
326 2863 448 2930 relictis
471 2865 679 2944 melioribus;
712 2865 803 2934 unde
832 2865 919 2932 Deus
949 2867 1152 2951 quandoque
1176 2883 1261 2932 con·

205 2953 317 3038 ,cedit
339 2953 462 3037 gratias
485 2955 586 3038 gratis
610 2958 702 3023 datas
725 2953 838 3020 minus
862 2954 969 3022 bonis.

228 3041 243 3071 *
266 3038 298 3107 Si
321 3045 560 3128 consanguinei
583 3050 663 3112 sunt
686 3065 780 3128 aequa
803 3044 913 3128 digni,
941 3049 1080 3128 possunt
1102 3045 1260 3130 proferri

226 3130 313 3212 aliis;
336 3133 364 3198 si
386 3139 466 3200 sunt
488 3135 599 3203 minus
622 3135 715 3219 digni
730 3133 934 3216 simpliciter,
951 3140 985 3202 et
1003 3141 1154 3219 respectu
1171 3136 1259 3202 honi

228 3221 424 3302 communis,
448 3227 481 3287 et
504 3225 735 3305 praeferantur,
763 3229 812 3290 est
839 3228 1011 3306 peccatum
1040 3224 1258 3310 acceptionis

204 3386 205 3392 ἵ
228 3330 388 3392 personae,
411 3313 489 3396 quia
512 3312 669 3380 Praelatus
692 3333 761 3380 non
786 3317 835 3378 est
858 3315 1024 3394 dominus,
1039 3317 1099 3383 sed
1113 3317 1257 3397 dispen-

226 3406 324 3467 sator
360 3402 442 3467 ltem
477 3403 512 3469 in
544 3404 786 3488 dispensatione
821 3404 1026 3474 matrimonii
1059 3405 1182 3472 divites
1213 3410 1257 3470 et

205 3495 377 3597 potentes
408 3493 633 3576 praeferuntur
660 3494 858 3578 pauperibus
882 3497 1019 3578 proptor
1042 3497 1168 3564 bonum
1183 3510 1256 3577 pa·

205 3580 271 3654 cis
306 3582 341 3648 in
376 3582 452 3666 ch.
489 3584 570 3650 ltem
600 3590 639 3652 ut
668 3583 784 3655 electio
815 3603 884 3652 non
912 3584 1012 3667 possit
1039 3583 1255 3670 impugnari,

224 3669 347 3738 suflicit
375 3672 495 3778 eligere
526 3676 668 3750 bonum.
698 3675 756 3742 scd
788 3673 898 3758 quoad
925 3674 1163 3778 conscientiam
1186 3673 1251 3740 oli·
