2608 4220
438 129 517 191 mm
540 127 677 189 uncus.
966 101 1029 184 bil

21 252 97 320 Art.
125 255 161 324 2.
186 253 234 323 Ae
256 259 307 323 eir
329 260 465 323 emetur
480 275 519 322 ec
531 261 689 340 praecepte
703 252 855 321 dimittere
869 270 995 321 emerem
1010 251 1078 334 fer·

45 345 224 412 micantem.
249 347 284 431 ri.
307 345 340 412 Si
363 349 412 412 est
433 349 580 411 correcta
596 365 664 411 nou
680 347 823 424 tenetur,
842 345 920 430 quia
943 361 1011 410 nen
1027 347 1079 408 est

44 454 139 518 opus
164 455 274 520 poena,
297 440 330 502 et
352 434 491 520 quilibet
514 437 619 518 potest
641 434 810 500 dimittere
838 433 926 518 quod
953 433 1077 499 iactum

45 527 101 588 est
127 528 247 591 contra
268 543 303 590 se
326 524 446 608 ipsum.
468 523 503 591 Si
527 544 594 589 nou
619 524 786 606 poenitent,
810 525 943 590 tenetur
964 522 1078 589 dimit-

45 615 137 692 tere,
162 633 206 680 ne
229 613 298 681 eius
322 617 454 698 peccato
478 612 665 680 consentire
691 613 854 682 videatur.

43 698 150 769 *Vir
184 703 412 788 cognoscendo
436 720 572 769 uxerem
596 701 815 768 fornicantem
845 722 914 769 uon
941 707 1075 787 peccat,
1191 691 1207 720 ¹

44 791 132 875 quia
157 792 284 859 accedit
307 797 344 857 ut
366 793 408 857 ad
431 810 581 858 uxorem.
605 789 683 857 item
706 793 749 858 de
759 789 959 859 dimittenda
970 813 1076 862 uxore

46 899 123 947 non
149 885 198 948 est
222 886 434 965 preceptum,
459 884 565 964 potest
587 901 660 947 eam
684 880 859 966 corrigere.

20 967 99 1038 Art.
125 970 160 1038 3.
183 973 234 1038 Ae
255 973 306 1038 eir
325 973 453 1056 proprie
474 969 588 1037 indicio
608 972 847 1054 restitutorem
872 971 1075 1055 fornicantem

43 1057 216 1126 dimittere.
241 1061 276 1143 el.
300 1060 416 1144 Quoad
438 1062 571 1127 thorum
594 1061 651 1140 sic,
675 1059 759 1126 idest
781 1064 887 1143 potest
910 1081 977 1130 non
999 1065 1075 1130 red·

42 1149 132 1215 dere
156 1148 318 1228 debitum,
342 1154 375 1215 et
397 1148 423 1216 si
446 1151 490 1216 ab
513 1147 651 1215 Ecclesia
674 1150 889 1233 compellatur
924 1153 1075 1235 reddere,

44 1239 198 1304 reddens
221 1259 289 1305 non
319 1239 381 1305 sibi
412 1239 616 1323 praeiudicat.
645 1238 726 1305 ltem
761 1239 940 1305 divortium
964 1242 1075 1327 quoad

43 1328 293 1394 habitationem
328 1347 396 1394 nou
421 1331 526 1411 potest
548 1327 620 1393 fieri
645 1329 717 1394 sine
747 1327 868 1395 iudicio
902 1329 1072 1411 Ecclesiae,

43 1417 131 1500 quia
155 1437 222 1484 nen
248 1421 353 1500 potest
374 1417 517 1502 seipsum
541 1414 733 1496 vindicare,
763 1417 841 1503 quia
868 1422 951 1485 esset
973 1419 1074 1487 iudex

43 1510 81 1570 et
108 1511 211 1574 actor.
234 1503 327 1585 Item,
351 1505 378 1572 si
401 1527 419 1573 a
446 1506 519 1572 viro
534 1503 667 1571 dimissa
682 1507 792 1586 luerit,
811 1504 862 1570 vir
878 1509 985 1591 posset
999 1510 1073 1594 cogi

43 1596 92 1660 ad
117 1595 386 1674 cohabitandum,
411 1595 474 1662 nisi
509 1598 616 1680 posset
638 1595 861 1662 incontinenti
885 1597 1073 1664 fornicatio-

43 1703 129 1749 nem
154 1687 304 1769 prebare.
328 1683 409 1751 item
440 1685 516 1751 licet
530 1703 615 1751 uxor
630 1703 698 1752 nen
716 1682 909 1751 inveniatur
924 1685 959 1752 in
975 1688 1072 1769 iacto,

43 1778 161 1840 tamen
185 1775 212 1840 si
236 1773 427 1840 inveniatur
451 1775 485 1840 in
509 1773 588 1841 locis
611 1774 745 1840 etheris
760 1777 940 1857 suspectis,
964 1780 997 1841 et
1021 1796 1074 1843 so·

43 1863 99 1928 lus
122 1883 201 1929 cum
222 1864 300 1942 sola,
325 1865 435 1930 nudus
458 1882 534 1928 cum
558 1866 659 1944 nuda,
682 1867 716 1928 et
738 1865 800 1930 hoc
829 1867 989 1947 probetur
1011 1884 1073 1949 per

43 1954 159 2029 testes,
182 1952 316 2020 videtur
338 1952 511 2018 fornicatio
541 1955 688 2036 probata.
716 1949 800 2018 ltem
828 1952 976 2020 fraterne
997 1973 1073 2022 cor·

45 2041 156 2108 rectio
178 2043 276 2110 debet
293 2042 478 2126 praecederc
494 2042 627 2126 quando
644 2043 834 2124 proceditur
858 2061 916 2127 per
940 2042 1071 2111 denun-

45 2131 239 2214 ciationem,
263 2149 330 2198 nen
354 2132 487 2216 quando
512 2149 570 2213 per
596 2130 846 2197 accusationem.

18 2215 90 2288 Art.
114 2219 148 2288 le.
163 2219 213 2288 de
234 2223 285 2287 eir
307 2228 338 2286 et
357 2238 438 2288 eser
460 2222 497 2287 ie
518 2237 608 2287 eeme
630 2219 758 2286 divortii
780 2225 902 2304 pessimi
921 2219 961 2288 ed
978 2228 1071 2306 perte

41 2309 193 2378 imde'eeri.
217 2311 253 2396 ri.
275 2309 337 2388 Sic,
361 2309 438 2394 quia
460 2312 550 2394 quod
573 2309 648 2375 licet
671 2309 742 2389 uni,
759 2309 835 2376 licei
849 2311 959 2389 alteri,
984 2312 1068 2379 etin

42 2401 118 2484 pari
143 2418 259 2478 causa,
281 2399 358 2465 licet
385 2399 428 2464 sit
462 2399 567 2464 maior
600 2416 697 2464 causa
731 2398 866 2467 divortii
897 2399 933 2466 iu
963 2418 1069 2467 uxore

42 2493 185 2573 propter
214 2490 340 2556 bouum
368 2488 469 2573 prolis
481 2507 490 2568 ;
525 2507 628 2573 quare
650 2507 691 2554 cx
721 2487 877 2574 inaequali
905 2507 1003 2556 causa
1025 2491 1069 2558 ad

43 2578 187 2664 aequalia
208 2577 407 2663 obligantur,
431 2595 499 2643 non
523 2582 633 2644 tamen
658 2575 792 2657 iniuste,
814 2579 892 2664 quia
914 2578 951 2645 in
973 2583 1068 2646 utro·

42 2687 113 2754 que
136 2672 185 2734 est
207 2686 302 2734 causa
325 2667 502 2733 sulliciens.

21 2755 93 2824 det.
116 2757 149 2825 5.
178 2755 310 2842 depost
322 2756 548 2823 dicertimmeir
570 2756 662 2822 elteri
679 2753 791 2824 metere
811 2759 917 2842 pessit.
934 2760 969 2843 ri.
984 2755 1068 2839 Neu,

44 2848 207 2932 quianon
223 2845 414 2913 dissolvitur
428 2846 689 2928 matrimonium.
701 2846 782 2912 ltem
794 2852 866 2932 post
884 2845 1068 2914 divortium

45 2936 188 3024 quisque
210 2940 316 3019 potest
338 2954 460 3018 vovere
484 2935 679 3014 castitatem,
709 2935 786 3020 quia
809 2955 908 3002 nemo
936 2941 1070 3004 tenetur

46 3023 191 3092 reddere
213 3027 375 3094 debitum.
398 3023 478 3091 ltem
494 3025 522 3090 si
539 3025 677 3091 Ecclesia
692 3023 806 3090 luisset
820 3027 955 3110 decepta
982 3025 1070 3093 falsis

46 3115 198 3195 testibus,
221 3116 321 3183 debet
350 3134 435 3180 uxor
464 3114 559 3181 reddi
583 3113 656 3179 vire
689 3133 749 3180 suo
771 3114 870 3180 etiam
898 3119 971 3201 pest
993 3136 1072 3200 pro·

49 3205 228 3272 fossionem
251 3203 287 3272 iu
311 3205 481 3290 religione,
503 3208 537 3270 et
560 3211 642 3270 tune
665 3205 803 3271 reddere
828 3205 989 3284 debitum,
1012 3207 1071 3274 sed

26 3297 317 3470 Ar'rgnsspffinzm
328 3382 493 3452 divertium
513 3385 564 3451 m'r
586 3390 617 3448 el
629 3401 711 3451 eser
722 3381 845 3467 pessimi
861 3385 1069 3455 momeliam

50 3475 88 3560 ri.
111 3470 147 3539 Si
178 3477 251 3559 post
279 3473 460 3541 divortium
484 3477 532 3540 est
554 3473 750 3551 emendata,
779 3478 886 3558 petest
912 3489 985 3540 sem
1007 3475 1070 3541 sibi

50 3563 287 3646 reconciliare3
310 3563 338 3630 si
360 3582 441 3633 vero
464 3563 500 3630 in
524 3566 658 3648 peceato
683 3565 733 3628 est
747 3562 989 3648 incorrigibilis,
1012 3581 1072 3648 po·

51 3656 127 3737 test,
148 3655 207 3724 sed
229 3673 299 3726 uon
327 3655 447 3736 debet,
474 3653 542 3721 ino
570 3671 656 3722 uxor
677 3649 810 3723 dimisse
832 3657 906 3740 poet
927 3651 1070 3724 tornica-
