2614 4190
466 71 545 126 ιιιιι
569 71 716 128 rnonm.
1003 58 1069 130 439

474 282 654 376 nummo
677 283 710 352 h.

294 469 385 538 De
408 472 611 536 morte
635 468 888 536 Christi.

53 643 129 717 Art.
161 647 761 734 l.1lofocritcooocoteoodtrtstom
794 645 1110 731 mort.1i.Sic‚ut

78 739 185 808 nohis
209 740 425 822 satisfaceret;
448 744 487 805 ut
510 757 624 805 veram
648 735 887 832 humanitatem
904 737 1110 822 ostenderet3

77 833 121 895 ut
148 849 212 896 nos
234 829 391 897 liberaret
412 849 431 896 a
455 829 575 895 timore
598 828 725 896 mortis.

77 918 196 987 *Non
220 939 260 986 ex
283 921 411 998 morho,
434 921 493 986 sed
515 919 692 986 violenter

55 1006 130 1077 Art.
156 1009 189 1078 2.
213 1010 298 1078 Ao
285 1029 319 1077 m
342 1015 438 1077 morte
460 1011 559 1094 [uerit
578 1015 719 1093 separato
742 1008 888 1076 divinitas
910 1026 930 1075 o
952 1025 1054 1078 carne.
1071 1011 1107 1097 ιι.

78 1098 169 1178 Νοιι,
192 1101 252 1166 sed
274 1119 351 1167 caro
375 1103 446 1166 erat
467 1099 563 1166 unita
588 1099 704 1170 Verbo.

79 1188 93 1214 ‘
118 1187 251 1255 Dicitur
271 1190 448 1256 derelictus
470 1209 490 1256 a
512 1190 618 1270 Patre,
642 1191 720 1276 quia
743 1209 812 1257 non
828 1191 1007 1274 protectus.
1023 1189 1105 1258 ltem

79 1298 161 1345 caro
185 1283 234 1345 est
256 1279 350 1347 unita
373 1278 540 1347 mediante
562 1279 683 1360 anima,
708 1299 776 1346 non
800 1279 936 1364 quasia
959 1279 1105 1364 ligante,

79 1371 141 1436 sed
164 1368 244 1455 quia
266 1371 308 1436 ah
332 1369 442 1436 anima
464 1371 564 1438 hahet
587 1371 769 1436 utiterum
792 1369 835 1436 sit
859 1367 997 1435 unihills
1027 1389 1105 1438 cum

81 1477 132 1540 ea,
157 1459 238 1544 quia
259 1461 341 1526 ordo
366 1459 498 1527 unionis
520 1479 651 1544 semper
679 1462 802 1526 manet.
833 1458 915 1526 ltem
949 1458 1106 1528 divinitas

81 1568 151 1615 non
176 1547 325 1616 viviticat
348 1550 540 1631 formaliter,
562 1552 620 1617 sed
643 1549 811 1631 effective,
847 1549 938 1617 unde
976 1555 1106 1620 remota

79 1639 195 1706 anima
217 1659 293 1706 caro
316 1657 385 1706 non
409 1643 458 1706 est
480 1640 567 1706 viva.

59 1726 126 1798 Art.
150 1728 184 1796 3.
207 1727 257 1797 Αο
281 1733 316 1798 lo
338 1735 434 1797 morte
459 1730 575 1798 (ιιιιιιί
597 1732 694 1815 fcerit
714 1732 797 1816 {octo
829 1731 983 1814 soporatio
1018 1730 1108 1799 Verbi

81 1819 258 1886 monimo.
284 1823 319 1906 ιι.
335 1819 416 1898 Non,
432 1820 511 1906 quia
524 1821 608 1888 sicut
625 1839 879 1904 necaoorpore‚
897 1819 975 1906 quia
990 1822 1105 1891 anima

79 1911 128 1974 est
151 1909 249 1974 unita
270 1908 376 1978 Verbo
399 1909 629 1987 immediatins,
654 1929 754 1996 quam
777 1929 907 1994 corpus.

79 1995 199 2066 *Caro
224 1999 328 2083 ponit,
352 2002 385 2064 et
407 1997 542 2067 assumit
565 2000 710 2066 animam
734 1999 860 2066 virtute
883 1999 979 2068 Verbi
1003 2002 1097 2067 inha-

81 2088 227 2156 hitanlis
244 2089 323 2154 ltem
342 2088 486 2158 Verhnm
505 2110 565 2175 per
580 2089 740 2157 unionem
757 2110 825 2158 non
842 2089 963 2157 dicitnr
976 2090 1098 2172 anima,

81 2197 141 2244 nec
165 2198 295 2263 corpus,
319 2199 382 2244 nec
404 2184 524 2247 natura
546 2183 703 2260 humana,
726 2181 784 2248 sed
800 2183 925 2246 hahens
940 2180 1100 2267 animam,

82 2269 132 2334 vel
149 2288 280 2356 corpus.
297 2267 402 2335 ltem'
393 2289 429 2335 ιιι
442 2269 652 2355 utroqnetuit
664 2290 732 2337 una
743 2271 935 2356 hypostasis,
948 2271 1102 2356 quamvis

81 2378 209 2443 corpus,
234 2361 266 2425 et
288 2358 399 2424 anima
422 2359 489 2425 sint
517 2363 691 2442 separatae:
726 2360 803 2444 qnia
833 2363 1014 2446 utrumqne
1048 2379 1100 2426 re·
1133 2421 1134 2424 ,

81 2449 202 2514 mansit
226 2448 358 2516 unitum
380 2449 505 2515 divinoe
528 2468 688 2532 personae,
711 2453 750 2515 ut
772 2453 860 2517 ante.

61 2537 123 2607 Art.
147 2538 180 2606 4
202 2534 473 2607 aeternamm
497 2538 598 2605 triduo
620 2541 718 2642 feerit
737 2541 835 2608 tomo.
850 2541 885 2624 ιι
901 2540 1099 2624 Simpliciter

81 2649 160 2710 non,
183 2628 263 2714 qnia
284 2647 402 2713 corpus
427 2647 495 2695 non
519 2634 590 2695 erat
613 2627 749 2711 vivum,
784 2633 819 2695 et
848 2631 891 2696 ad
924 2630 1099 2698 veritatem

79 2717 193 2785 mortis
216 2721 274 2801 est,
298 2721 337 2785 nt
359 2718 487 2785 desinat
509 2739 577 2786 esse
600 2722 708 2800 homo,
731 2719 789 2786 sed
814 2721 899 2786 hene
913 2724 984 2787 erat
1000 2723 1099 2789 homo

78 2813 238 2875 mortuus.

78 2900 181 2967 'Non
205 2896 376 2966 cessavit
365 2918 401 2964 m
425 2902 532 2966 morte
552 2899 714 2983 susceptio
737 2898 844 2980 Verbi,
866 2900 924 2967 sed
938 2903 1098 2988 partinm

78 2989 173 3056 nnio:
199 2989 257 3055 sed
279 2987 342 3055 tuit
364 2988 525 3070 sacerdos,
549 2989 678 3056 ratione
700 2989 852 3071 animae,
882 2990 917 3059 in
952 3014 1016 3080 qua
1047 3003 1101 3066 cst

77 3080 246 3146 character
268 3077 404 3145 ordinis.

58 3168 119 3236 Art.
144 3169 176 3238 5.
200 3166 249 3235 Αιι
271 3171 371 3253 fuerit
391 3168 468 3236 idom
489 3188 614 3238 homero
637 3189 744 3255 corpas
764 3169 883 3240 Christi
903 3177 1044 3258 viventio,
1068 3185 1101 3247 ct

76 3261 200 3326 mortni.
225 3259 261 3344 ιι.
284 3256 337 3323 Sic
358 3257 562 3343 simpliciter,
585 3260 669 3327 idest
691 3263 851 3343 absolute,
875 3268 908 3331 et
926 3266 1019 3333 nullo
1035 3269 1094 3334 ad·

78 3349 153 3433 dito,
177 3346 255 3433 quia
279 3346 367 3414 idom
389 3350 617 3434 suppositum:
640 3351 699 3416 sed
723 3371 792 3419 non
815 3353 955 3420 omnino
985 3358 1092 3423 totali-

77 3439 134 3516 ter,
157 3439 235 3522 qnia
258 3436 327 3504 vita
350 3441 399 3504 est
421 3441 502 3525 quid
524 3440 745 3507 intrinsecum
768 3443 899 3527 corpori
922 3443 1093 3534 viventis,

79 3545 151 3612 ergo
174 3529 301 3594 remota
323 3527 393 3594 vita
416 3549 485 3597 non
510 3534 661 3598 remanet
683 3532 828 3599 totaliter
850 3532 949 3598 idem

80 3615 232 3705 corpus
254 3616 411 3705 simplicis
434 3619 576 3692 hominis
599 3621 723 3694 mortui
747 3641 817 3696 non
846 3629 993 3700 remanet
1015 3627 1092 3699 nni
