2636 4202
249 69 293 136 tt
561 86 607 138 ax
631 85 747 138 anina
771 71 906 138 etaaa‘

590 329 769 420 nstasno
793 329 864 404 nv.

281 516 373 586 De
397 514 743 600 cognitione
766 514 1163 599 Angelorum.
1298 594 1299 674 Ν

204 696 272 767 Art.
298 696 328 766 l.
351 694 400 765 An
423 698 595 784 intelliaere
618 695 729 783 Annali
750 699 794 763 sit
815 696 879 784 ejas
903 695 1085 764 substantia.
1110 699 1146 782 it.
1167 697 1250 780 Non,
1299 700 1300 764 l

229 789 296 854 imo
319 806 381 854 nee
404 807 472 854 esse
495 793 542 854 ast
565 787 749 854 sulstantia
772 790 951 864 creaturae,
972 785 1031 851 sed
1054 785 1140 852 Deus
1163 790 1253 856 solus
1300 806 1301 852 l

150 947 153 960 ,
225 881 274 944 ast
295 896 354 943 saa
376 879 568 955 substantia,
593 876 670 962 quia
694 881 743 942 est
766 880 858 942 actus
882 894 995 960 purus,
1019 879 1052 940 et
1075 879 1124 942 est
1147 897 1249 944 suum
1301 913 1302 938 t

227 986 305 1044 esse,
319 970 363 1030 st
384 985 481 1031 suum
505 987 613 1052 agere.

229 1057 239 1081 *
265 1055 450 1122 intellectus
473 1075 573 1140 agens
596 1060 644 1120 est
667 1073 725 1121 sua
747 1055 832 1120 aetio
859 1073 919 1140 pes
942 1054 1253 1138 concomitantiam,

228 1164 297 1211 non
323 1164 382 1228 per
406 1146 590 1210 essentiam.

207 1233 274 1301 Act.
298 1234 330 1301 2.
354 1231 403 1300 An
426 1236 599 1320 intelliaerc
621 1231 732 1319 Annali
753 1234 798 1300 sit
824 1237 888 1316 aas
918 1253 989 1300 esse.
1023 1235 1059 1317 it.
1094 1233 1183 1316 Non,
1216 1240 1256 1302 et

229 1324 306 1390 lieet
329 1323 371 1389 sit
394 1325 510 1390 eadem
534 1326 649 1401 forma,
674 1340 738 1407 qua
761 1327 820 1403 est,
844 1328 877 1389 et
901 1321 1071 1408 intelligit3
1098 1325 1256 1392 sednon

229 1413 344 1478 eadem
370 1412 498 1479 ratione
521 1419 569 1480 est
594 1412 794 1498 principium
817 1413 957 1490 essendi,
982 1417 1015 1477 et
1030 1411 1257 1496 intelligendi.

206 1500 274 1569 Act.
298 1500 329 1568 3.
353 1500 402 1569 An
423 1507 561 1585 potentia
583 1503 773 1570 intellectiva
800 1501 911 1586 Annali
939 1504 984 1567 sit
1014 1504 1078 1585 ejas
1110 1506 1258 1574 essentia.

230 1593 266 1674 tt.
290 1591 371 1668 Non,
394 1594 479 1657 sieut
502 1593 536 1658 in
562 1593 653 1658 nulla
676 1592 739 1658 alia
762 1596 924 1658 ereatura.
1067 1644 1070 1648 .

138 1684 141 1690 '
206 1679 275 1748 Art.
298 1679 330 1747 lt.
353 1677 402 1748 An
419 1683 461 1748 'in
484 1681 608 1766 Anqetts
633 1683 677 1747 ait
697 1683 868 1749 intellectas
895 1699 1004 1765 caena,
1033 1687 1064 1748 ct
1085 1680 1258 1764 passibilis.

229 1773 265 1853 il.
289 1770 377 1849 Non,
407 1772 484 1855 quia
509 1793 577 1839 non
602 1773 701 1838 habet
731 1775 975 1854 phantasmata,
1003 1773 1042 1836 ut
1076 1790 1151 1848 nos,
1188 1793 1258 1840 neo

225 1863 304 1924 sunt
328 1859 363 1924 in
388 1862 546 1945 potentia,
569 1862 627 1927 sed
651 1861 686 1925 in
710 1859 755 1926 eis
779 1865 829 1928 est
852 1858 1010 1926 naturalis
1032 1859 1182 1928 scientia.

206 1947 275 2015 Art.
301 1949 331 2016 t.
355 1948 403 2016 An
427 1953 462 2018 in
484 1950 609 2037 Annalis
631 1953 676 2016 sit
690 1951 754 2016 sala
770 1950 956 2017 intellectiva
971 1951 1115 2035 ccqnitic.
1133 1952 1170 2034 aa.
1187 1950 1258 2041 Sie,

178 2089 180 2094 a
226 2037 303 2120 quia
332 2045 447 2106 carent
468 2061 624 2126 corpore,
649 2043 681 2104 et
704 2041 929 2124 metaphorice
952 2040 1063 2125 aliqua
1085 2038 1130 2106 eis
1154 2041 1259 2108 attri-

228 2128 388 2192 huuntur.

596 2305 775 2389 stasne
799 2307 856 2376 tv.
910 2257 915 2276 ⁸

371 2490 461 2550 De
489 2487 690 2586 medio
716 2490 1079 2566 cogni-tionis

563 2581 886 2657 Angelioao.

201 2749 269 2817 Art.
295 2753 324 2819 l.
349 2753 396 2818 Aa
420 2753 531 2838 Annali
555 2763 741 2839 coacescant
768 2759 873 2822 omnic
902 2775 957 2839 per
991 2773 1076 2822 snam
1111 2753 1257 2822 snbstan-

227 2844 311 2909 tiam.
345 2844 380 2925 il.
408 2843 488 2924 Non,
511 2844 588 2928 quia
613 2847 661 2910 est
682 2845 783 2910 sotius
805 2845 875 2922 Dei,
898 2845 955 2910 sed
981 2864 1038 2927 per
1060 2843 1258 2912 similitudi·

225 2949 283 2995 nes
305 2932 544 3014 superadditas.
575 2934 655 3000 Nam
680 2933 820 2999 essentia
843 2933 954 3018 angeli
978 2937 1028 2998 est
1052 2932 1257 3012 terminata,

224 3025 257 3083 et
292 3020 477 3087 intellectus
512 3028 560 3087 est
594 3029 689 3108 aptus
726 3023 909 3108 intelligere
940 3043 1055 3090 omnes
1078 3041 1145 3087 res:
1167 3040 1256 3108 ergo

86 3169 89 3176 ,
224 3114 298 3194 eget
321 3112 402 3192 aliis,
426 3118 463 3178 ut
487 3111 661 3198 intelligat.

202 3198 270 3266 Art.
295 3200 325 3266 2.
350 3200 399 3267 An
421 3201 554 3290 Anactes
577 3205 736 3289 intelliqat
755 3223 810 3288 per
832 3205 941 3288 species
957 3201 1078 3270 aretas
1101 3209 1256 3284 acceptas.

227 3291 261 3372 tl.
286 3289 448 3374 Non-sed
473 3312 531 3376 per
553 3293 675 3377 species
699 3296 729 3360 ei
752 3295 984 3360 connaturales
1010 3313 1029 3358 a
1052 3291 1120 3358 Deo
1143 3291 1256 3358 datas.

226 3378 307 3444 item
342 3381 485 3464 cognitio
518 3378 635 3466 Angeli
670 3383 720 3447 est
753 3383 947 3448 indifferens
978 3382 1021 3449 ad
1047 3381 1192 3462 distans,
1218 3387 1255 3447 et

221 3467 444 3553 propinquum
468 3488 566 3535 sunm
589 3473 710 3537 losum.
734 3471 813 3536 item
832 3477 984 3553 movetur
1001 3470 1158 3552 localiter,
1177 3489 1253 3538 non

227 3558 268 3622 ad
293 3560 570 3640 cognoscendum,
593 3561 651 3626 sed
673 3561 716 3626 ad
739 3563 905 3644 agendum
929 3563 963 3628 in
989 3563 1070 3630 loco.

204 3642 271 3711 Act.
297 3646 327 3712 3.
351 3646 399 3714 An
422 3651 590 3733 superiores
612 3648 723 3734 Aeacii
754 3653 939 3759 intelligant
955 3673 1018 3736 aar
1047 3655 1156 3737 specics
1184 3670 1251 3718 mc·
