2604 4210
336 68 401 139 332
587 85 633 134 ux
658 83 825 136 suouuon
856 85 1033 138 sueonum

313 219 414 301 ipsius
436 221 617 285 secundum
641 220 866 286 diversitatem
889 224 1004 298 tuctur,
1029 225 1065 287 ut
1080 240 1157 305 quae
1174 223 1294 287 ordina

311 314 367 373 tur
390 312 432 375 ad
456 310 716 389 nutrimentum,
748 315 781 376 et
811 313 853 376 ud
876 310 1139 414 generationem,
1174 317 1212 377 ut
1241 313 1294 376 atu

312 399 425 463 nentia
459 398 494 464 in
529 400 616 478 cibo,
653 400 849 465 sobrietas
840 421 875 465 ιιι
909 405 1003 483 potu,
1036 400 1205 465 castitas
1196 422 1236 466 ιιι
1264 421 1294 464 ιιι

310 488 514 568 concubitus
539 450 730 572 pudicitia'
720 510 755 554 ru
780 489 908 567 osculis,
933 495 1033 568 tactu,
1058 491 1229 571 amplexu.
1259 490 1294 552 tu

311 577 518 658 potentiales,
545 599 619 663 quae
648 583 783 644 servant
807 581 943 645 modum
968 578 1160 662 principalis
1186 581 1294 644 virtut

309 671 347 730 ut
370 668 574 733 continentia
598 667 712 746 animi,
735 669 815 751 spei,
839 669 995 746 audaciae,
1019 668 1087 744 irae,
1111 673 1162 732 est
1180 687 1294 734 mansr

310 757 400 836 tudo,
425 756 602 839 humilitas,
626 758 679 822 vet
703 756 738 822 in
762 759 919 824 exteriori
942 763 991 824 est
1015 759 1186 826 modestia.

646 935 824 1018 Quusuu
848 935 971 1004 CXLIV.

376 1119 468 1186 De
491 1119 771 1200 partibus
792 1117 1249 1197 temperantiae

621 1209 686 1273 111
718 1210 992 1289 speciali.

286 1381 354 1450 Art.
380 1382 409 1450 t.
432 1382 481 1451 Au
503 1385 684 1451 uerecundia
705 1387 750 1452 sit
768 1388 878 1453 uirtus.
911 1387 946 1469 ιι.
977 1383 1111 1466 Proprie
1140 1404 1232 1464 non,
1259 1405 1294 1468 qr

309 1476 358 1538 est
381 1473 479 1539 timor
503 1476 544 1539 de
568 1477 657 1558 turpi
681 1481 767 1554 actu,
791 1478 847 1541 sed
871 1476 928 1559 qui
953 1480 1001 1539 est
1025 1475 1192 1556 perfectus
1215 1494 1294 1538 secu

308 1564 388 1628 dum
413 1564 562 1630 habitum
587 1564 720 1630 virtutis
744 1585 810 1630 non
836 1565 914 1630 facit
936 1563 1060 1647 aliquid
1092 1565 1184 1628 unde
1218 1564 1294 1628 tim«

308 1653 529 1719 verecundari
552 1655 595 1720 ob
618 1655 851 1738 opprobrium,
881 1654 980 1718 etiam
1006 1653 1033 1717 si
1063 1653 1294 1718 verecundia,

308 1744 443 1822 bonum,
466 1744 525 1810 sed
549 1749 713 1827 repugnat
737 1743 941 1826 perfectioni.
958 1742 1049 1819 item,
1066 1742 1251 1824 aliquando
1270 1743 1294 1804 vi

308 1836 360 1897 tus
382 1833 505 1898 dieitur
528 1852 627 1900 omne
650 1835 738 1916 quod
769 1839 817 1898 est
849 1837 990 1910 bonum,
1025 1837 1058 1895 et
1093 1832 1263 1897 laudabile

306 1922 431 1987 actibus
459 1922 627 2001 humente,
656 1929 689 1987 et
715 1923 762 1988 sic
789 1922 989 1988 verecundia
1020 1925 1068 1985 est
1098 1921 1227 1999 virtus,
1256 1939 1294 2002 qu

306 2015 354 2075 est
378 2012 550 2077 laudabitis
573 2012 695 2095 passio,
720 2013 777 2077 sed
804 2032 871 2077 non
908 2016 956 2076 est
990 2010 1121 2076 babitus
1158 2011 1294 2076 electivu

305 2103 339 2165 ct
363 2101 506 2183 pertinet
529 2102 638 2183 potius
664 2103 704 2166 ad
742 2100 996 2184 temperantiam
1032 2099 1162 2165 ratione
1194 2099 1293 2164 motir

305 2193 394 2272 quod
429 2195 476 2255 est
511 2195 624 2276 turpe,
660 2211 727 2257 non
759 2193 943 2256 secuudum
973 2190 1116 2271 speciem
1148 2187 1293 2271 passioni

303 2298 377 2362 quae
401 2283 449 2346 est
472 2279 586 2359 timor;
612 2284 645 2344 et
668 2300 736 2346 non
760 2300 875 2359 omne,
899 2280 952 2344 cui
983 2279 1108 2344 directe
1143 2278 1292 2361 opponit

304 2368 423 2435 vitium
447 2373 495 2434 est
519 2370 635 2448 virtus,
659 2371 716 2435 sed
740 2375 787 2434 est
810 2373 944 2445 bonum,
970 2373 1007 2433 ut
1029 2369 1246 2434 verecundia.

281 2454 350 2525 Art.
373 2459 404 2525 2.
428 2458 477 2525 Au
500 2459 679 2526 uerecundia
700 2461 745 2524 sit
765 2460 799 2525 de
824 2461 907 2542 turpi
929 2466 1008 2524 cetu.
1034 2459 1069 2541 ιι.
1093 2456 1291 2540 Principatit

302 2549 437 2631 respicit
458 2548 675 2632 vituperium,
697 2551 785 2632 quod
809 2555 857 2614 est
882 2547 1053 2631 turpitudo
1077 2547 1233 2630 quaedum
1258 2563 1291 2628 po

304 2639 387 2704 natis
409 2640 452 2704 ab
474 2638 537 2703 atio
561 2639 660 2715 illata,
684 2643 718 2701 et
741 2638 821 2704 dicit
845 2639 1006 2703 rationem
1031 2637 1125 2714 maii,
1154 2642 1193 2702 ut
1218 2640 1290 2702 bour

303 2728 464 2794 rationem
489 2728 582 2806 boni,
606 2729 663 2792 sed
688 2748 727 2792 ex
751 2727 995 2811 consequentiis
1021 2725 1155 2811 respicit
1178 2725 1290 2808 turpitt

302 2816 414 2882 dinem
439 2817 602 2883 vitiosam.

304 2904 561 2973 *Verecundari
590 2909 631 2972 de
658 2906 844 2991 opprobriis
874 2906 970 2972 ittatis
1001 2908 1044 2972 ob
1071 2904 1249 2984 virtutem,
1271 2921 1288 2966 e

301 2994 504 3079 imperiectio
539 2997 683 3064 virtutis.
719 2998 814 3076 tteur,
850 2995 1052 3080 vituperium
1080 2996 1157 3060 lieet
1188 2991 1288 3080 propri

300 3085 460 3153 debeatur
495 3087 600 3170 cutpae
630 3086 708 3164 soii,
744 3091 854 3152 tamon
886 3107 927 3151 ex
958 3085 1115 3168 opinione
1145 3086 1287 3149 horninur

300 3177 431 3258 respicit
462 3177 643 3261 quemlibet
673 3177 854 3255 detectum,
886 3181 924 3240 ut
955 3180 1003 3240 est
1035 3173 1195 3254 servitus,
1229 3177 1287 3257 ign<

299 3264 416 3332 bilitas.

276 3351 343 3420 Art
369 3355 398 3422 3.
427 3354 477 3424 Au
504 3358 588 3423 bomo
623 3358 721 3439 mepta
754 3355 971 3422 verecundetur
1001 3373 1021 3420 u
1049 3356 1190 3437 personis
1225 3367 1286 3434 nup

297 3448 539 3530 cooperatori.
562 3447 610 3512 db
636 3446 686 3510 bis
717 3446 874 3523 maxime,
911 3463 1054 3528 quorum
1091 3443 1285 3509 testimouiut

182 3531 184 3536 ’
297 3539 471 3616 reputatur
498 3537 619 3618 majus3
652 3535 818 3619 praeeipue
852 3535 987 3620 quando
1023 3533 1114 3598 adest
1150 3534 1245 3618 culpa
1274 3509 1285 3600 i

297 3623 442 3706 defectu,
471 3626 576 3694 etsie
602 3624 849 3694 verecundatur
872 3643 891 3690 a
915 3623 1063 3708 personis
1087 3623 1259 3699 virtuosis,
1277 3633 1284 3730 ι
