2604 4210
263 73 349 142 too·
526 88 571 138 nx
596 86 763 140 sacuam
790 87 966 139 secanam

254 223 324 288 tum
347 221 554 300 dormiendo,
564 223 623 287 sed
639 221 738 288 etiam
753 221 931 306 vigilando.
956 220 1035 285 item
1059 219 1137 305 quia
1158 219 1279 304 ioque-

255 313 353 379 batur
376 311 435 377 toti
460 311 579 395 populo
602 329 643 376 ex
667 331 805 396 persana
828 311 900 389 Dei,
924 310 1016 396 quasi
1040 310 1081 375 de
1105 329 1196 376 novo
1232 310 1278 374 ie·

254 420 329 485 gem
353 419 557 485 proponens:
579 401 635 466 atii
651 420 730 467 vero
747 400 951 466 inducebant
966 400 1008 465 ad
1026 399 1279 466 observantiam

254 491 334 574 tegis
357 490 489 576 Moysis.
513 489 593 557 ltem
615 491 724 576 quoad
748 490 1007 575 miraculaque
1030 489 1108 556 tecit
1132 489 1194 558 toti
1221 509 1282 572 po·

256 581 333 663 pulo
356 579 550 646 infidelium.

232 666 301 737 Art.
314 670 355 737 b.
378 667 427 738 Aa
447 673 482 737 ia
503 671 609 737 Beatir
623 670 969 754 aitaiiqaisproptotria
983 667 1105 753 prodas.
1130 669 1167 754 rt.
1192 668 1280 746 Nan,

254 758 423 844 quianon
446 760 583 826 suntin
606 759 755 846 caligine,
780 779 842 825 nec
864 758 985 826 veritas
1011 757 1282 844 supranaturaiis

254 853 303 914 est
326 849 455 934 procul,
479 869 542 915 nec
564 853 766 934 cognoscunt
789 867 848 931 per
871 849 1223 934 figuras'corparales,
1248 853 1283 910 et

254 939 390 1006 tandem
414 941 480 1005 iam
501 943 581 1006 sunt
603 940 638 1006 in
663 939 873 1022 perfectione.
954 999 956 1001 ,

254 1027 438 1096 *Christus
466 1032 504 1094 ut
526 1029 634 1096 viator
662 1028 725 1095 tuit
755 1031 930 1113 propbeta,
966 1047 1034 1095 non
1058 1033 1096 1095 ut
1123 1045 1283 1111 compre·

254 1119 385 1185 beusor.

232 1205 302 1274 Art.
326 1208 358 1277 6.
381 1206 430 1275 Aa
460 1207 572 1293 pratus
599 1209 765 1294 propitatio
795 1207 956 1276 secandam
988 1215 1100 1292 tempas
1129 1210 1199 1274 aiat
1229 1225 1283 1271 aa·

254 1299 342 1366 riuti.
367 1300 401 1382 rt.
426 1293 489 1377 Sic,
506 1301 584 1366 ante
607 1297 723 1383 legem,
738 1301 801 1365 sub
823 1300 904 1384 lege,
928 1297 1019 1362 etin
1049 1297 1164 1383 gratia,
1191 1314 1284 1380 prae·

256 1386 352 1471 cipue
374 1389 417 1455 de
438 1386 628 1474 cognitione
649 1387 709 1455 Dei
732 1393 765 1454 et
787 1385 1035 1456 incarnationis.

583 1565 763 1652 QUAESTIO
786 1565 925 1638 CLXXV.

597 1752 688 1815 De
713 1755 914 1832 raptu.

233 1920 302 1992 Art.
326 1922 356 1990 t.
380 1923 429 1992 Aa
451 1927 556 1993 catara
589 1928 722 1994 tamiaia
755 1930 898 2012 rapiatur
926 1923 967 1992 aa
993 1924 1110 1992 itatem.
1141 1925 1177 2010 rt.
1212 1924 1283 2004 Sic,

256 2018 352 2102 nota,
376 2015 496 2100 Raptus
529 2015 611 2082 dicit
644 2017 836 2084 violentiam
866 2018 908 2083 ab
931 2015 1115 2082 extrinseco
1151 2014 1282 2082 nuliam

255 2103 326 2168 vim
348 2105 541 2172 conferente
565 2126 674 2191 passo,
704 2106 790 2172 idest
813 2110 944 2186 contra,
975 2105 1028 2170 vel
1052 2105 1155 2171 tinem
1179 2104 1283 2171 incli-

224 2267 227 2276 Ι
254 2192 407 2275 nationis,
430 2196 571 2280 ut-lapis
593 2197 722 2281 rapitur
736 2215 877 2276 sursum,
893 2199 927 2262 et
947 2193 995 2260 sic
1017 2213 1085 2262 non
1110 2197 1214 2262 boma
1238 2193 1280 2260 ad

255 2283 391 2364 coelum,
417 2286 475 2352 sed
497 2285 540 2354 ad
570 2306 684 2371 poenas
705 2285 768 2365 sic;
804 2286 857 2353 vei
879 2289 1043 2371 quantum
1073 2285 1282 2352 admodum

256 2374 433 2454 tendendi,
462 2379 501 2442 ut
523 2375 605 2459 lapis
633 2376 660 2442 si
682 2375 779 2442 citius
802 2378 958 2442 deorsum
980 2374 1141 2454 ferretur,
1176 2391 1282 2458 quam

256 2466 350 2530 motu
373 2464 525 2546 naturali,
548 2470 581 2532 et
603 2465 651 2532 sic
673 2465 784 2536 anima
806 2464 1008 2532 abstrahitur
1030 2485 1049 2532 a
1070 2463 1284 2530 sensibilium

255 2553 1282 2730 sustituit?bttt.tt.tt⁹⁰tttttttz.ttt

256 2733 396 2802 tendere
418 2736 453 2803 in
477 2735 609 2817 divina3
631 2737 690 2802 sed
713 2755 783 2802 non
805 2735 863 2801 tati
886 2735 1004 2803 modo.
1019 2735 1099 2802 ltem
1115 2751 1157 2800 ex
1180 2731 1281 2800 intir-

257 2821 372 2891 mitate
394 2829 501 2909 potest
522 2825 596 2910 quis
617 2823 755 2892 alienari
777 2844 797 2891 a
820 2829 942 2904 mente,
976 2824 1035 2890 sed
1059 2841 1127 2890 non
1150 2827 1203 2890 cat
1232 2843 1282 2890 ra·

257 2917 343 2996 ptus,
366 2914 451 2982 sicut
473 2933 535 2982 nec
556 2915 584 2981 si
606 2935 625 2980 a
647 2913 816 2996 Daemone,
837 2918 877 2981 ut
898 2914 933 2980 in
957 2913 1147 2998 arreptitiis.

235 2996 304 3071 Art.
326 3004 358 3071 2.
381 3003 431 3072 Aa
453 3011 561 3090 raptas
595 3009 692 3089 mapa
723 3007 881 3090 pertineat
907 3003 947 3071 ad
975 3005 1038 3072 aira
1060 3004 1280 3088 appetitivam,

257 3112 347 3176 qaam
368 3093 408 3162 ad
428 3098 671 3180 aopaosoitiaam.
695 3096 731 3181 rt.
754 3093 804 3163 Ad
825 3093 1082 3179 cognoscitivam
1111 3098 1280 3178 quantum

257 3184 300 3249 ad
322 3183 368 3264 id,
390 3182 427 3251 in
449 3187 540 3270 quad
563 3186 701 3269 rapitur,
724 3186 782 3251 sed
805 3189 911 3268 potest
933 3185 1056 3251 babere
1078 3201 1213 3250 causam
1241 3203 1281 3252 ex

256 3278 351 3356 parte
372 3273 507 3341 virtutis
527 3272 726 3360 appetitivae,
750 3274 843 3353 idest,
867 3275 1066 3359 quandocx
1085 3291 1206 3357 magua
1233 3275 1282 3342 at·

256 3361 398 3431 factione
419 3364 584 3450 appetitus
607 3366 704 3430 bomo
727 3361 939 3432 abstrahitur¹
958 3366 1002 3432 ab
1023 3362 1179 3430 omnibus
1194 3363 1279 3442 aliis,

257 3451 439 3535 praesertim
461 3453 489 3520 si
510 3455 692 3520 delectetur
716 3453 750 3520 in
775 3453 825 3520 bis
847 3454 890 3520 ad
912 3473 987 3540 quae
1010 3453 1149 3538 rapitur.

257 3541 271 3570 ·
293 3542 433 3610 Divinus
454 3561 548 3610 amor
570 3543 647 3610 iacit
667 3543 825 3626 extasim,
846 3542 1041 3629 scdraptus
1062 3560 1163 3628 supra
1186 3547 1279 3612 exu-

256 3629 320 3698 aim
342 3632 436 3706 addit
457 3633 660 3706 violentiam·
682 3633 917 3708 itemtradare
938 3653 974 3706 aa
995 3630 1157 3722 appetitui
1170 3635 1278 3706 scusi·
