2604 4210
273 137 338 208 orl
525 155 572 205 nx
601 153 768 208 secusne
793 152 969 206 secunus

249 298 317 358 tem
350 291 531 376 diligentis,
561 292 661 370 idest,
692 297 729 357 ut
764 294 862 357 homo
885 294 954 357 toto
982 291 1101 357 ellectu
1135 307 1259 372 semper

249 383 354 449 Deum
378 385 464 449 amet
487 384 571 459 actu,
597 402 665 447 non
688 384 736 446 est
760 382 911 464 possibile
934 380 969 446 iu
993 381 1058 456 via,
1082 380 1189 445 sedin
1207 399 1260 462 pa·

248 472 322 537 tria.
346 474 426 538 ltem
460 470 615 555 perfectio
644 490 712 536 non
747 471 932 537 secundum
962 470 1157 535 totalitatem
1186 469 1259 534 dili·

250 560 371 645 gentis,
399 581 506 646 neque
532 561 714 627 secundum
738 560 931 626 totalitatem
965 558 1131 643 diligibilis
1160 561 1261 642 potest

250 651 285 716 iu
309 652 371 715 hac
399 651 467 716 vila
501 649 616 716 haberi
651 650 836 732 dupliciter.
871 649 999 728 Primo,
1023 654 1060 714 ut
1083 650 1126 714 ab
1147 649 1259 712 allecte

249 739 392 806 bominis
408 740 596 806 excluditur
611 743 782 823 peecatum
805 739 943 804 mortale
966 738 1173 804 contrarium
1188 739 1262 801 oba·

184 877 186 882 .
250 829 350 907 citati,
362 833 396 894 et
410 831 481 895 baec
495 835 544 894 est
559 831 600 895 de
612 829 803 895 necessitate
817 828 942 893 salutis.
953 827 1115 909 Secundo,
1131 826 1261 911 quaudo

250 917 349 984 etiam
372 918 559 985 excluditur
574 918 665 996 illud,
678 921 768 1002 quod
784 917 946 1001 impedire
970 921 1085 1000 potest,
1106 935 1148 982 ne
1172 934 1261 980 mens
1292 923 1293 958 l

250 1006 393 1073 totaliter
414 1007 540 1073 feratur
562 1007 597 1074 in
621 1007 736 1088 Deunn
753 1007 837 1074 utin
860 1005 1096 1090 incipientibus
1110 1009 1143 1070 et
1167 1005 1263 1088 proli·
1292 1069 1293 1078 ,

250 1096 428 1176 cientibus,
451 1102 485 1162 et
505 1097 577 1163 sine
600 1099 661 1163 hac
686 1102 791 1180 potest
824 1115 891 1162 esse
914 1097 1064 1162 ebaritas.
1088 1095 1170 1160 item
1195 1112 1262 1176 per·

251 1187 325 1252 lecti
348 1185 383 1253 in
407 1189 468 1252 bac
492 1187 559 1252 vita
582 1189 705 1252 babent
730 1190 860 1268 peccata
896 1185 1036 1251 venialia
1059 1205 1100 1251 ex
1124 1182 1262 1250 infirmi·
1292 1207 1293 1274 l

250 1280 318 1341 tate
340 1275 414 1355 viae,
438 1279 470 1340 et
493 1277 538 1341 sic
562 1277 686 1342 babent
708 1275 833 1360 aliquid
857 1275 1096 1357 imperfectum.
1121 1274 1202 1339 item
1218 1271 1264 1336 di·
1292 1281 1293 1324 l

108 1364 113 1374 ‘
246 1364 346 1430 lectio
363 1366 504 1447 proximi
520 1367 572 1430 vel
589 1365 723 1431 estsine
738 1385 803 1449 qua
826 1366 967 1431 charites
982 1384 1050 1430 esse
1066 1383 1134 1430 non
1151 1365 1264 1447 potest,
1292 1331 1293 1410 d

250 1455 304 1518 vel
328 1473 397 1519 csse
421 1459 539 1537 potest.

230 1541 297 1610 Art.
322 1543 354 1610 3.
378 1547 427 1610 Ao
448 1546 595 1628 perfectio
625 1547 772 1610 consistat
798 1547 834 1610 io
863 1547 1035 1627 preceptis,
1069 1561 1112 1609 oo
1135 1546 1171 1609 e'o
1199 1561 1264 1608 eoo·
1292 1553 1293 1610 l

252 1635 344 1700 siliis.
370 1635 405 1716 b.
429 1633 648 1699 Essentialiler
671 1633 705 1698 in
723 1635 904 1717 praeceptis,
920 1633 1115 1699 secundario
1139 1635 1174 1698 in
1193 1651 1265 1698 con·
1292 1639 1293 1718 l

122 1770 123 1774 ,
252 1723 342 1800 siliis,
365 1742 439 1806 quae
462 1727 542 1788 sunt
564 1723 670 1788 media
695 1724 736 1789 ed
760 1741 842 1788 eam.

228 1810 296 1879 Art.
320 1811 351 1879 l.
379 1810 429 1878 Ao
451 1815 627 1896 puteumque
650 1821 695 1878 est
712 1816 863 1896 perfectus
885 1815 929 1878 sit
950 1816 985 1878 io
1007 1819 1089 1880 aloto
1102 1809 1264 1896 perfeetio-
1292 1825 1293 1890 ξ

250 1905 311 1968 eris.
335 1903 370 1987 ri.
393 1901 502 1968 Potest
523 1902 597 1987 quis
615 1921 682 1966 esse
705 1904 877 1986 perlectus,
895 1907 927 1966 et
950 1922 1017 1967 non
1035 1921 1104 1966 esse
1127 1902 1162 1966 in
1179 1905 1264 1966 statu
1292 1905 1293 1954 ὲ

251 1990 471 2075 perfectionis,
493 1994 530 2056 ut
553 1993 659 2058 bonus
680 1992 853 2068 secularis,
876 1992 934 2075 qui
957 2010 991 2056 se
1015 2011 1082 2056 nou
1107 1989 1265 2074 obligavit
1292 2021 1293 2056 l

252 2081 295 2146 od
317 2083 509 2164 perpetuam
519 2080 724 2158 servitutem,
739 2101 813 2164 quae
836 2081 959 2147 dicitur
972 2084 1086 2146 status.
1112 2080 1193 2144 item
1211 2099 1264 2162 po·
1292 2081 1293 2134 l

253 2175 316 2236 test
337 2169 410 2254 quis
432 2189 502 2236 esse
516 2169 552 2234 in
574 2173 662 2236 statu
685 2170 904 2254 perfeetionis,
929 2170 1013 2235 idest
1031 2169 1212 2252 obligatus,
1237 2172 1265 2232 et
1292 2169 1293 2214 ἓ

252 2279 320 2326 non
350 2278 417 2325 esse
445 2260 623 2343 perlectus,
647 2264 685 2324 ut
714 2258 882 2343 religiosus
913 2260 1032 2337 malus,
1055 2260 1133 2342 quia
1164 2262 1293 2322 status,

250 2348 305 2415 bic
326 2348 469 2415 sumitur
491 2368 551 2432 pro
574 2369 630 2428 eo,
653 2367 752 2432 quem
776 2349 920 2414 exterius
942 2349 1135 2414 solemnizat
1158 2347 1266 2414 Eccle-

250 2439 308 2518 sia,
333 2457 409 2504 nam
433 2439 475 2504 de
498 2437 649 2504 interiori
672 2441 759 2503 statu
784 2437 869 2502 Deus
891 2439 978 2504 solus
1001 2437 1140 2503 iudicat.

228 2526 296 2596 Art.
319 2527 352 2595 5.
373 2526 423 2595 ilo
444 2529 584 2611 rolipiosi
604 2533 636 2594 et
652 2527 777 2610 prototo·
803 2529 870 2592 sint
897 2530 932 2593 io
954 2535 1037 2593 stolo
1058 2528 1265 2611 perfectionis.

252 2619 288 2702 ii.
310 2616 371 2696 Sic,
394 2617 472 2702 quia
494 2619 619 2684 habent
642 2619 835 2700 perpetuam
858 2616 1092 2702 obligationem
1115 2634 1194 2681 cum
1218 2635 1265 2682 so·

250 2707 351 2772 lemni
382 2713 457 2773 voto
480 2705 515 2772 in
540 2707 606 2786 bis,
629 2710 804 2789 quaesunt
838 2706 1063 2789 perlectioniS,
1087 2723 1167 2771 uam
1191 2705 1265 2771 reli·

250 2795 331 2879 giosi
353 2801 432 2862 voto
453 2795 601 2875 solemni,
627 2795 773 2879 Episcopi
803 2794 952 2881 obligant
973 2815 1007 2861 se
1036 2796 1078 2862 ad
1100 2795 1265 2878 pastorale
1292 2797 1293 2810 ¹

250 2884 406 2964 ollicium,
422 2885 506 2951 idest
528 2886 674 2953 animem
697 2903 820 2969 ponere
842 2904 903 2968 pro
926 2885 1054 2964 ovibus,
1071 2886 1104 2950 et
1128 2887 1192 2950 boc
1210 2901 1267 2968 per

249 2974 490 3040 solemnitatem
512 2973 784 3053 consecrationis,
799 2979 833 3040 et
848 2975 929 3039 dum
944 2978 1068 3040 statum
1083 2978 1266 3051 assumunt,

251 3083 318 3131 uon
350 3067 549 3147 profitentur
577 3085 611 3130 se
634 3064 890 3149 perlectos,‘sed
913 3064 1052 3130 tendere
1086 3064 1128 3128 ad
1161 3063 1265 3146 perie-

251 3153 405 3221 ctionem.
427 3153 509 3220 item
541 3160 633 3222 ectus
657 3153 864 3236 perfectionis
899 3172 967 3220 non
990 3153 1111 3220 sufficit
1133 3154 1177 3218 ad
1200 3157 1265 3218 sta·

251 3248 323 3309 tum
346 3244 570 3327 perfectionis:
595 3243 685 3309 unde
701 3243 898 3327 martyrium
923 3262 991 3308 non
1008 3241 1102 3325 ponit
1125 3242 1161 3307 in
1177 3246 1266 3308 statu

251 3333 471 3416 perfectionis,
494 3333 646 3418 quamvis
668 3332 824 3400 consistat
857 3332 892 3398 in
918 3331 1154 3415 perfectissimo
1190 3336 1268 3400 actu

251 3422 433 3488 charitatis.

228 3509 296 3578 Art.
320 3512 350 3578 6.
374 3511 424 3578 Ao
445 3530 546 3578 omnes
573 3512 696 3594 muloti
724 3513 919 3578 ecelesiastici
947 3514 1014 3578 slot
1035 3513 1070 3577 to
1092 3519 1174 3578 stetu
1200 3530 1266 3594 per·

251 3604 401 3684 bodonis.
427 3603 461 3686 rt.
485 3601 566 3678 Non,
588 3601 647 3666 sed
669 3602 774 3668 solum
799 3600 961 3685 Episcopi,
991 3600 1048 3686 qui
1077 3600 1267 3686 obligentur

251 3690 295 3756 ad
319 3695 510 3774 perpetuam
533 3708 657 3772 curam,
681 3690 744 3757 nisi
768 3690 854 3774 Papa
877 3689 1053 3774 dispenset,
1076 3694 1110 3758 et
1132 3709 1194 3776 per
1214 3710 1267 3758 ec·
