2632 4212
255 99 321 166 tio
541 113 583 163 cx
606 111 715 164 parua
739 104 916 164 sncnuom
968 147 977 157 .

522 337 726 424 ‘unusne
750 337 908 406 cxxxvi.

407 523 500 588 De
524 525 765 590 macula
787 523 1048 602 peccati.
1307 558 1308 636 i

562 639 565 648 ’
1307 639 1308 674 i

207 698 275 766 Art.
300 699 331 766 t.
354 698 404 768 Aa
423 708 578 785 mucetum
604 707 706 769 causet
731 701 865 784 utiquam
894 699 1042 766 maculam
1070 700 1105 764 tu
1138 700 1275 766 ocimo.

231 791 266 874 rt.
289 789 356 870 Sic,
379 792 456 875 quia
480 791 565 857 tollit
587 792 748 871 nitorem,
772 791 806 856 id
830 793 889 868 est,
913 788 1067 874 gratiam,
1090 791 1125 853 et
1150 793 1276 856 meta·

229 879 365 961 phenice
387 882 540 960 maculat.

228 966 244 995 '
266 969 387 1036 Macula
411 990 479 1037 nou
503 973 554 1036 est
575 969 657 1056 quid
680 968 871 1056 positivum,
893 969 952 1035 sed
973 966 1115 1052 privatio
1133 966 1274 1046 nitoris

229 1058 349 1126 animae
383 1059 418 1126 in
455 1059 574 1126 ordine
606 1061 651 1126 ad
677 1079 826 1137 causam,
857 1059 981 1138 idest,
1006 1058 1205 1142 peccatum
1234 1063 1273 1124 et

229 1147 302 1214 ideo
326 1149 456 1215 diversa
480 1152 620 1233 peccata,
644 1150 792 1216 diversas
815 1146 957 1216 maculas
972 1147 1151 1226 inducunt,
1167 1148 1273 1215 sieut
1309 1213 1310 1222 χ

227 1240 357 1318 umbra,
380 1258 455 1324 quae
478 1242 527 1304 est
550 1239 642 1304 varia
665 1259 726 1323 pro
749 1238 942 1306 diversitate
960 1255 1152 1320 corporum.
1170 1235 1271 1303 item

227 1327 339 1392 anima
360 1347 395 1394 se
418 1327 524 1393 inficit
546 1329 742 1396 inhaerendo
765 1328 800 1394 iu
824 1330 933 1407 rebus,
956 1345 1026 1392 non
1050 1330 1182 1392 eontra.

207 1415 276 1484 Art.
300 1415 332 1484 2.
354 1415 405 1482 Aa
427 1416 546 1484 macuto
569 1421 747 1485 mamutio
770 1419 875 1484 ocimo
895 1422 965 1500 port
991 1423 1093 1483 uotum
1120 1421 1268 1499 pcccati.
1310 1493 1311 1508 χ

230 1506 264 1588 rt.
287 1504 351 1585 Sic,
373 1503 450 1591 quia
475 1512 625 1574 remanet
648 1508 771 1574 ablatio
795 1507 913 1575 nitoris
936 1504 1067 1574 animae.

540 1684 718 1770 QUAESTIO
742 1686 913 1756 Lxxxvu.

464 1869 556 1936 De
580 1871 763 1938 reatu
785 1886 988 1951 poenae.
1122 1959 1127 1966 .

204 2044 526 2117 actiunculas
553 2069 647 2134 postu
674 2051 719 2116 stt
746 2050 867 2134 effectos
892 2050 1019 2134 peccati.
1050 2047 1088 2132 ri.
1115 2046 1188 2126 Sic,
1222 2053 1263 2116 et

227 2155 366 2218 peccans
388 2137 553 2222 triplicem
582 2157 714 2221 poenam
744 2140 899 2206 incurrit.
928 2139 1072 2204 Primam
1100 2135 1262 2220 aseipso

226 2242 287 2305 per
311 2245 494 2308 remorsum
516 2227 743 2308 conscientiae3
765 2230 946 2296 secundam
962 2249 981 2294 a
996 2230 1068 2312 lege
1083 2229 1260 2310 humana;

227 2314 357 2380 tertiam
381 2336 400 2383 a
423 2315 507 2396 ueo,
534 2318 612 2402 quia
641 2317 720 2384 tacit
749 2323 866 2386 contra
897 2317 1061 2401 tripiieem
1092 2315 1256 2382 ordinem

134 2431 137 2438 ·
224 2401 319 2492 inse
342 2405 538 2491 principem,
562 2411 595 2472 et
618 2406 734 2474 Deum.
883 2483 886 2490 ,

226 2490 242 2520 *
264 2493 381 2562 Rectus
410 2501 458 2562 est
488 2496 612 2563 directe
639 2498 774 2563 effectus
796 2497 940 2580 peccati,
970 2497 1060 2581 quod
1089 2496 1167 2563 iacit
1192 2501 1258 2566 uu-

226 2581 351 2650 minem
375 2604 470 2652 reum
494 2605 615 2668 poenae;
639 2587 697 2651 sed
721 2606 820 2669 poena
849 2607 917 2653 non
942 2590 991 2652 est
1014 2588 1148 2652 eftectus
1172 2605 1259 2670 pec-

224 2671 289 2736 cati
312 2675 448 2754 directe,
471 2675 529 2740 sod
553 2675 754 2759 dispositive,
778 2675 856 2759 quia
880 2675 1030 2744 effective
1053 2680 1102 2741 est
1124 2695 1143 2741 a
1167 2676 1253 2756 Deo,

226 2761 278 2824 vel
302 2765 345 2829 ab
368 2764 516 2832 homine.

204 2847 273 2915 Art.
296 2849 328 2918 2.
351 2852 400 2921 Ao
420 2860 574 2939 peccatum
594 2858 692 2939 possit
713 2874 774 2922 auc
793 2876 883 2941 pauo
902 2861 1029 2940 peccati.
1061 2858 1096 2941 rt.
1126 2855 1191 2922 Per
1212 2875 1254 2922 se

227 2957 312 3018 nun,
344 2943 421 3026 quia
452 2950 624 3028 peccatum
653 2949 702 3012 est
731 2945 974 3025 voluntarium,
1005 2950 1039 3014 et
1069 2964 1166 3028 pmna
1198 2950 1254 3012 est

224 3032 341 3096 contra
363 3033 569 3124 voluntatem
593 3037 651 3102 scd
675 3053 735 3118 per
758 3035 911 3102 accidens
929 3035 987 3114 sic,
1003 3032 1081 3120 quia
1097 3041 1256 3102 removet

225 3118 380 3201 gratiam,
404 3141 478 3207 quae
501 3125 656 3205 prohibet
682 3123 847 3206 passiones
875 3124 1075 3190 inclinantes
1104 3125 1148 3190 ad
1171 3143 1253 3206 peu·

223 3211 345 3288 catum,
369 3214 402 3275 et
425 3211 606 3279 subtractio
630 3212 744 3297 gratiae
768 3215 806 3278 uc
828 3234 847 3280 a
870 3213 937 3279 Deo
958 3216 1118 3297 tanquam
1135 3232 1250 3296 poena.

114 3330 118 3341 ι
224 3294 303 3362 item
327 3303 376 3364 est
399 3318 512 3382 poena,
539 3305 575 3367 ut
599 3301 657 3378 ira,
683 3301 825 3381 invidia;
850 3302 902 3366 vel
927 3301 962 3367 in
986 3303 1125 3379 effectu,
1149 3307 1188 3367 ut
1212 3303 1252 3368 in

226 3386 362 3466 pudore,
380 3388 571 3472 ignominia,
588 3392 623 3457 et
636 3389 682 3455 sic
698 3388 796 3455 etiam
815 3392 986 3473 peccatum
1003 3396 1052 3456 est
1068 3410 1167 3475 poena
1182 3392 1252 3458 sui.

201 3474 268 3541 Art.
292 3476 323 3542 3.
346 3475 395 3544 Aa
418 3478 543 3562 aliquod
561 3486 715 3562 peccatum
732 3480 858 3546 iuducet
872 3488 990 3546 rectum
1005 3490 1127 3546 aternu
1140 3499 1249 3563 poam

225 3565 258 3712 {t
282 3565 343 3645 Sic,
368 3567 402 3633 id
425 3571 482 3646 est,
507 3569 656 3649 mortale,
679 3567 756 3653 quia
781 3571 890 3636 aufert
913 3570 1121 3649 charitatem,
1145 3575 1180 3636 et
1197 3573 1249 3636 ui·

238 3651 341 3719 imum
366 3657 477 3722 finem.
