2608 4220
647 331 650 338 ·
697 306 728 348 F

189 414 297 461 Faisltas
313 411 425 473 quid‚'et
441 416 535 476 qualis,
550 428 604 475 par.
622 419 645 464 8.
662 429 687 479 q.
704 419 742 465 87.

189 472 277 521 Falum
294 475 355 533 quid
371 476 412 534 sit,
428 488 481 535 par.
500 479 522 534 8,
539 488 564 535 q.
581 478 632 524 886.

189 531 400 638 888ι881888888888
416 536 482 595 qnod
499 541 546 594 est,
561 540 586 581 et
601 535 685 594 quale,
699 540 723 584 et
739 533 799 583 iidei
815 533 927 594 articuli,
943 539 969 582 et
986 539 1066 594 aolus,
1083 539 1107 594 8,
1123 539 1144 592 l.
1162 545 1187 594 q.
1203 536 1224 591 l,

219 602 232 638 e
269 603 335 640 nra.
1282 617 1283 652 l

187 647 263 697 Fides
279 651 396 710 explicita
412 652 546 711 dequibus
562 657 600 700 est
616 653 768 712 necessaria,
784 658 809 710 8,
825 656 850 709 8,
866 664 892 712 q.
908 655 946 700 08.

188 705 274 757 Fidem
290 712 333 770 qni
350 712 499 769 nonhabet,
516 718 541 759 et
555 717 670 771 quaeest
685 724 769 772 oansa,
786 718 811 760 at
828 714 941 771 adestne,
957 715 981 772 8,
996 715 1021 770 8,
1039 715 1098 771 tut,
1114 717 1137 760 et
1147 711 1222 759 inira.

188 765 260 814 Fidei
275 775 417 828 praerepta,
433 775 457 827 8,
472 774 497 829 8,
514 782 539 829 q.
556 775 593 818 86.

188 823 292 875 Fiduola
341 829 368 876 ld
384 830 426 887 stt,
441 834 465 884 8,
481 835 505 888 8,
522 842 547 888 q.
559 833 610 880 880.

188 882 248 932 Filii
265 887 308 933 lull
328 888 406 936 elium
421 901 454 936 an
471 888 626 948 baptizandi,
643 892 667 947 8,
684 893 708 948 8,
724 899 749 948 (1.
767 891 804 937 80.

188 942 247 990 Filii
262 944 391 1003 illegitimi
407 949 450 1007 qui
467 949 527 1006 sint,
544 955 568 997 et
579 959 629 1007 quo
639 950 772 1006 privantur
783 949 823 996 vel
835 947 1136 1008 illegitimautnr.sunpl.
1152 959 1178 1007 q.
1188 949 1222 994 68.

188 1000 258 1110 788888
274 1005 384 1111 7881888888
399 1013 500 1067 propter
516 1019 583 1069 quaa
597 1008 659 1066 agit,
676 1014 701 1056 ot
716 1007 822 1057 ultimus
837 1009 905 1068 linis,
930 1013 955 1055 et
978 1019 1011 1056 an
1027 1007 1078 1055 sint
1093 1007 1185 1067 plnres.
1203 1010 1222 1063 8,

235 1074 283 1122 ‚tt
316 1096 324 1113 ·

190 1119 331 1171 Fornicatio
347 1123 422 1184 quale
438 1132 576 1184 peceatum,
592 1129 615 1183 8,
630 1130 656 1184 8,
672 1138 697 1184 q.
715 1127 767 1174 858.

189 1179 319 1230 Fortitudo
334 1185 418 1241 qualis
434 1186 525 1242 virtus,
542 1192 566 1232 et
577 1186 642 1232 oiroa
658 1197 723 1244 quae
739 1190 786 1243 est,
803 1189 828 1244 8,
843 1189 868 1244 8,
885 1197 910 1246 q.
927 1188 981 1234 888.

190 1238 355 1288 Fortitudinis
365 1249 450 1301 parles
466 1256 540 1303 qnae,
555 1249 579 1300 8,
594 1249 618 1300 8,
635 1256 661 1302 q,
679 1247 731 1292 888.

189 1297 318 1348 Fortitudo
333 1301 437 1355 donum.
454 1308 478 1349 et
494 1305 549 1350 elus
566 1308 737 1363 praeceptum,
753 1307 777 1361 8,
793 1307 818 1358 8,
834 1316 860 1363 q.
880 1307 932 1362 lat,
950 1309 975 1351 et
992 1305 1045 1351 880.

189 1356 268 1404 Fraus
285 1361 311 1407 ln
326 1361 473 1408 venditione
489 1363 590 1420 quando
606 1368 653 1418 est,
669 1366 694 1418 8,
709 1367 732 1417 8,
749 1375 773 1422 q.
790 1366 828 1410 77.

190 1414 297 1464 Fructus
312 1418 420 1476 Spiritus
437 1423 516 1467 saneti
533 1421 587 1479 qni,
604 1425 626 1478 8,
642 1425 665 1476 8,
682 1433 707 1480 q.
725 1425 764 1470 70.

189 1473 286 1523 Fruitio
301 1477 372 1534 quid,
389 1483 414 1524 et
429 1479 459 1526 de
476 1491 525 1538 qua
540 1491 568 1526 re
586 1487 632 1538 est,
651 1484 672 1534 8,
689 1485 712 1537 8,
729 1493 754 1540 q.
773 1485 810 1528 ll.

190 1531 292 1584 Furtum
308 1535 369 1595 quid
385 1543 432 1596 est,
449 1542 474 1586 et
490 1541 615 1598 quomodo
630 1539 714 1588 diderl
730 1553 745 1587 a
761 1541 860 1600 rapina,
877 1544 902 1599 8,
918 1543 942 1597 8,
956 1551 981 1598 u.
999 1541 1037 1587 66.

695 1695 728 1738 G

190 1836 314 1888 Gaudium
331 1839 357 1888 in
373 1842 446 1890 nobi-s
461 1843 528 1890 unde
544 1843 666 1899 nascitur,
681 1845 705 1897 8,
722 1843 746 1897 8,
763 1851 788 1898 q.
800 1841 839 1887 88.

190 1899 275 1946 Gratia
290 1901 335 1946 Dei
351 1912 415 1959 quae
431 1903 574 1949 necessaria
589 1902 695 1956 homini,
713 1905 738 1945 et
754 1901 809 1946 eins
825 1899 940 1954 88888888,
956 1902 984 1945 88
1000 1896 1131 1952 meritum,
1146 1899 1171 1942 et
1189 1892 1223 1939 dl·

218 1959 292 2016 visio,
309 1965 334 2006 et
349 1971 433 2019 eausa,
451 1963 473 2018 8,
488 1964 511 2018 8,
527 1972 553 2022 q.
570 1963 622 2018 800,
640 1967 664 2007 et
681 1958 757 2006 inira.
797 2017 803 2030 ο

189 2015 289 2064 Gratiae
306 2019 384 2074 gratis
399 2020 487 2076 datae,
500 2027 529 2068 ut
545 2022 571 2067 ln
588 2029 712 2074 sermone,
729 2023 754 2064 et
769 2016 910 2073 miraculis,
925 2019 949 2073 8,
966 2019 991 2072 8,
1006 2026 1031 2072 q.
1050 2017 1102 2062 876.

189 2075 328 2132 Gratttudo‚
345 2089 390 2126 seu
406 2079 544 2135 gratiarum
560 2079 626 2126 actio
643 2077 735 2138 quihus
751 2076 867 2132 debetur,
883 2079 906 2132 8,
924 2079 947 2132 8,
964 2085 988 2133 q.
1007 2076 1059 2123 tot.

188 2133 341 2183 Gubernallo
356 2137 454 2194 mundi,
471 2144 605 2194 atrorum,
622 2149 675 2195 par.
694 2140 716 2193 8,
733 2147 759 2193 q.
776 2137 829 2192 808,
846 2140 871 2182 et
887 2135 963 2180 inira.

189 2193 268 2243 Gulae
282 2201 420 2256 peecatum,
438 2203 462 2245 et
478 2199 533 2246 eius
550 2195 655 2258 speeies,
672 2200 697 2243 et
712 2195 790 2252 tiliae,
806 2196 831 2253 8,
846 2197 869 2252 8,
887 2206 912 2253 q.
930 2195 981 2242 808.

689 2353 727 2394 11

189 2495 295 2570 Habitus
310 2499 370 2557 quid
387 2499 429 2558 sit,
446 2504 470 2547 et
486 2500 517 2546 de
534 2500 589 2559 ejus
606 2500 737 2559 subiecto,
759 2505 784 2548 et
807 2511 893 2560 causa,
909 2505 935 2548 et
960 2502 1106 2557 augmento,
1130 2500 1155 2544 at
1170 2504 1220 2542 eor·

189 2560 678 2678 ilitttltlniiul?illiti.

188 2675 209 2721 ll
227 2676 332 2733 poorlsis
348 2677 409 2735 quid
426 2679 469 2734 sit,
485 2682 510 2724 et
526 2679 626 2736 quando
642 2683 680 2723 est
695 2682 823 2736 peecatum
840 2677 955 2734 mortale,
971 2681 995 2734 8,
1009 2680 1034 2733 8,
1050 2686 1076 2732 q.
1094 2676 1145 2721 888.

188 2686 342 2782 Ηῖ88888888
353 2735 463 2784 otiolum
479 2736 578 2795 quando
594 2742 632 2784 est
648 2735 745 2784 licitum
762 2737 803 2784 vel
819 2743 957 2794 peecatum.
973 2741 997 2793 8,
1012 2740 1037 2808 8,
1055 2746 1079 2793 q.
1097 2736 1148 2781 878.

188 2794 274 2851 Homo,
291 2799 316 2840 et
331 2799 414 2852 partes
431 2796 486 2842 eius
502 2797 626 2852 quomodo
642 2797 692 2842 sint
709 2797 798 2854 laetae,
816 2801 840 2843 et
856 2796 931 2854 primi
956 2795 1068 2842 88888888
1091 2798 1183 2849 statua
1201 2791 1221 2832 al

218 2853 335 2911 conditio,
350 2865 405 2911 par.
423 2857 444 2910 8,
461 2865 485 2911 q.
502 2856 540 2911 00,
558 2859 581 2900 et
598 2855 673 2902 inira.

187 2911 301 2961 Hominis
317 2914 391 2969 aetio,
409 2917 433 2960 ot
449 2913 578 2971 productio
594 2914 687 2973 quails,
704 2925 759 2971 par.
777 2916 800 2971 8,
818 2926 842 2972 q.
860 2916 912 2970 887,
932 2919 957 2961 et
974 2912 1053 2961 inira.

187 2975 325 3023 Honestum
342 2973 368 3018 ln
384 2982 433 3029 quo
448 2972 564 3019 convenit
579 2983 635 3020 oum
650 2973 798 3030 virtutihus
814 2976 838 3030 8,
853 2977 877 3031 8,
893 2984 918 3034 q.
937 2976 989 3022 865.

189 3028 323 3083 numilitas
339 3042 413 3092 quae,
430 3035 454 3078 et
469 3032 536 3082 cirea
550 3043 617 3092 quae
633 3038 680 3091 est,
697 3035 721 3093 8,
737 3036 761 3091 8,
778 3044 803 3094 q.
820 3035 873 3082 868.

695 3189 713 3232 1

190 3331 311 3380 laetantia
326 3346 359 3382 an
374 3338 543 3396 mendacium,
560 3342 585 3386 et
602 3337 678 3396 quale
693 3339 834 3397 peceatum,
849 3338 873 3393 8,
888 3339 912 3394 8,
930 3347 954 3396 q.
972 3337 1023 3383 888.

189 3388 248 3438 Idea
265 3391 335 3450 qnid,
352 3400 377 3440 et
393 3396 476 3453 unalis
493 3404 540 3455 est,
558 3408 611 3454 par.
629 3399 650 3452 8,
668 3408 693 3455 q.
709 3399 748 3444 83.

188 3448 332 3499 idololatria
348 3456 422 3511 quale
438 3462 577 3514 peccalum,
594 3460 618 3500 et
634 3465 700 3512 qnae
715 3457 771 3502 elus
787 3465 887 3510 causae,
903 3457 927 3511 8,
944 3457 968 3502 8.
985 3464 1010 3511 q.
1027 3451 1065 3498 tt.

189 3508 354 3558 ieiunandum
371 3515 504 3571 quomodo,
522 3520 546 3561 et
561 3525 576 3560 a
592 3513 695 3568 quihus,
711 3517 735 3570 8,
751 3517 774 3570 8,
792 3525 817 3572 q.
835 3517 886 3561 887.

188 3567 258 3623 ignis
274 3580 385 3627 purgans
400 3575 523 3620 muudum
539 3570 623 3631 qualis
640 3572 697 3618 erit.
714 3573 843 3631 supplem.
860 3584 885 3633 q.
901 3576 940 3620 it.

188 3626 336 3683 ignorantia
352 3631 453 3688 qnando
467 3635 556 3682 causat
572 3629 781 3690 involuntarium,
797 3633 820 3690 8,
837 3634 864 3689 8,
879 3643 904 3692 q.
920 3633 943 3677 6.
