2622 4210
445 150 523 204 nrm
550 148 696 203 runnu.
981 130 1045 202 att

41 281 108 350 Art.
135 283 170 351 7.
195 283 243 352 rln
266 287 357 368 fortis
380 295 520 370 operetur
541 294 666 371 propter
690 288 798 355 bonurn
819 287 941 372 proprii
958 287 1088 354 dubitus.

63 376 99 458 tl.
127 374 192 450 Sic,
217 377 294 460 quia
317 378 487 461 quodlibet
510 397 608 462 agens
632 379 776 444 intendit
801 379 992 461 imprimere
1016 376 1084 441 vim

61 483 134 528 suae
158 465 293 531 virtutis
317 466 351 532 in
377 466 476 546 aliud,
501 467 662 552 ut'ignis;
686 469 762 534 linis
787 471 932 534 remotus
956 467 1089 533 fortitu-

64 553 157 617 dinis
181 559 230 618 est
253 556 433 631 beatitudo,
458 558 510 620 vel
535 557 633 622 Deus.

43 639 110 709 Art.
136 643 169 708 8.
194 643 243 710 An
265 649 354 729 sertis
376 647 536 712 delectetur
560 649 594 712 e'n
617 666 670 712 suo
694 655 773 714 ootu.
799 651 833 733 rt.
850 648 896 713 Ex
912 668 979 714 una
997 649 1091 731 parte

63 733 112 797 sic
135 738 320 800 secundum
345 736 641 818 apprehensionem
665 739 706 802 de
730 742 805 804 actu
829 738 974 816 virtutis,
999 740 1032 802 et
1048 737 1091 801 de

63 824 135 886 line
165 843 242 904 suo;
279 846 319 890 ex
354 828 455 890 altera
485 829 579 910 parte
610 825 760 892 tristatur
791 847 867 892 cum
899 826 1090 893 considerat

65 911 279 979 amissionem
303 915 389 979 vitae.

44 998 111 1068 tro.
146 1003 179 1070 9.
217 1002 266 1069 An
302 1005 451 1087 fortitudo
485 1008 616 1072 monimo
654 1009 801 1073 consistat
837 1009 872 1072 in
909 1009 1088 1090 repentinis.

66 1093 102 1176 tt.
137 1092 309 1174 Quantum
339 1095 381 1160 ad
417 1094 610 1160 electionem
646 1100 736 1161 actus
767 1097 861 1161 fortis
892 1115 980 1176 non,
1011 1096 1090 1180 quia

65 1181 161 1245 fortis
185 1183 275 1266 eligit
298 1184 519 1267 praemeditari
545 1185 703 1268 pericula,
733 1189 770 1250 ut
793 1185 917 1251 tacitns
941 1185 1089 1261 resistat;

65 1274 230 1353 quantum
254 1275 296 1338 ad
313 1274 609 1339 manifestationem
626 1275 756 1339 habitus
773 1275 911 1340 virtuosi
926 1275 989 1341 sie:
1009 1293 1087 1340 nam

65 1360 198 1425 habitus
221 1363 288 1446 agit
311 1383 369 1446 per
392 1365 528 1429 modum
554 1369 691 1442 naturae,
715 1369 748 1429 et
771 1365 806 1430 in
826 1363 1009 1448 repentinis
1027 1385 1088 1448 ap·

68 1454 162 1530 paret
185 1453 413 1518 confirmatus.
461 1513 464 1525 .

47 1536 110 1606 Art.
136 1538 577 1626 inneneuuendiun
603 1545 637 1607 in
664 1561 717 1608 suo
748 1552 828 1610 ortu.
860 1546 894 1630 tl.
925 1544 1089 1610 Moderata

66 1627 119 1707 sic,
144 1629 261 1710 idest,
287 1652 346 1714 pro
369 1651 428 1696 suo
452 1631 600 1710 arbitrio,
626 1637 657 1696 et
683 1635 823 1698 ratione.

48 1715 110 1783 elrt.
136 1717 189 1786 ll.
212 1719 262 1786 An
284 1722 432 1805 fortitudo
456 1723 500 1787 sit
519 1723 619 1788 uirtus
643 1723 820 1791 oordo‘nolo's.
854 1726 888 1806 rt.
915 1722 981 1801 Sic,
1013 1723 1091 1806 quia

69 1809 168 1872 habet
184 1808 230 1888 id,
246 1813 336 1894 quod
351 1812 495 1894 pertinet
520 1812 742 1877 communiter
767 1815 809 1877 ad
832 1814 912 1878 tales
937 1813 1088 1890 virtutes,

68 1896 187 1976 idest,
219 1902 358 1966 tirmiter
381 1902 528 1983 operari,
559 1906 592 1966 et
621 1907 669 1965 est
693 1904 734 1967 de
757 1902 807 1966 his
830 1922 904 1986 quae
928 1902 1090 1979 maxime,

68 1990 98 2050 et
120 1988 313 2073 frequenter
337 1996 517 2056 occurrunt
540 1991 576 2056 in
600 1989 670 2055 vita
692 1993 849 2058 humana.

49 2072 109 2142 Art.
134 2077 186 2145 ld.
211 2077 260 2146 An
282 2081 431 2163 fortitudo
452 2081 609 2163 proeoellot
630 2083 711 2146 inter
735 2101 835 2148 omncs
851 2083 929 2148 otios
945 2084 1087 2148 virtutos.

70 2167 101 2248 d.
124 2165 235 2234 Prima
258 2174 306 2235 est
328 2171 523 2248 Prudentia,
547 2173 691 2236 secunda
714 2170 860 2254 lustitia,
885 2172 982 2238 tertia
1007 2171 1086 2236 For-

69 2255 185 2340 titudo,
209 2264 327 2344 quarta
349 2259 594 2343 Temperantia.

399 2437 579 2524 QUAESTlO
603 2438 731 2508 CXXlV.

287 2699 289 2702 Ι
348 2621 440 2686 ΒΘ
467 2623 791 2706 martyrio,¹

51 2794 110 2864 Art.
134 2797 164 2864 l.
187 2796 239 2864 An
261 2801 447 2881 mortpriun
468 2804 513 2866 stt
534 2809 618 2868 notus
646 2803 780 2869 uirtutis.
807 2801 841 2884 tt.
864 2797 934 2886 Sic,
961 2798 1039 2882 quia
1062 2797 1093 2862 ei

69 2889 206 2954 debetur
229 2889 403 2971 praemium
427 2891 651 2970 beatitudinis
675 2893 709 2955 et
738 2910 798 2975 per
821 2890 902 2956 illud
928 2891 1034 2954 statur
1056 2887 1100 2952 in-

69 2978 214 3057 veritate,
239 2984 272 3043 et
291 2978 428 3062 justitia.

68 3066 296 3133 *innocentes
320 3087 378 3152 per
407 3069 466 3134 Dei
501 3069 640 3155 gratiam
675 3067 758 3134 sunt
789 3068 925 3135 assecuti
954 3067 1092 3153 gloriam

70 3156 232 3241 martyrii:
262 3162 294 3222 et
329 3159 442 3225 ellusio
477 3159 647 3244 sanguinis
676 3163 810 3242 propter
845 3158 1024 3236 Christum,
1045 3161 1095 3222 est

70 3247 255 3329 baptismus.
280 3247 360 3312 ltem
382 3270 424 3320 ex
454 3249 569 3314 divina
594 3249 805 3330 dispositione
841 3249 943 3335 aliqui
975 3249 1095 3330 llarty·

71 3355 116 3400 res
136 3357 170 3401 se
195 3338 294 3402 morti
318 3339 541 3416 tradiderunt,
575 3337 632 3402 sed
657 3359 754 3404 nemo
778 3341 877 3404 debet
907 3357 941 3403 se
972 3340 1095 3419 marty-

72 3425 114 3490 rio
136 3427 299 3510 ingerere,
323 3428 452 3493 sedeat
476 3434 523 3492 est
547 3432 585 3492 ut
606 3427 648 3491 sit
673 3431 816 3510 paratus.

55 3511 109 3582 Art.
131 3515 162 3582 2.
188 3519 239 3581 An
263 3521 447 3600 mortpro'um
470 3521 512 3583 sit
535 3524 620 3583 octus
643 3519 849 3601 fortitudinis.
875 3517 910 3600 rt.
930 3515 993 3595 Sic,
1017 3514 1095 3600 quia

73 3605 110 3670 ibi
133 3609 231 3672 homo
256 3607 291 3672 in
315 3609 498 3673 certamine
515 3605 700 3690 particulari
718 3611 936 3674 confirmatur
955 3606 1096 3672 inbono

73 3696 197 3765 virtutis
220 3701 338 3766 contra
361 3696 570 3767 imminentia
595 3697 740 3780 pericula
765 3697 891 3778 mortis,
926 3699 1030 3765 otest
1054 3695 1096 3762 ad
