2604 4210
417 126 494 175 nrm
524 123 670 174 rnonrm.
955 104 1020 173 353

27 261 89 328 Art.
112 261 147 328 6.
170 258 220 327 Ao
254 258 394 342 superbio
415 260 458 323 sit
490 257 702 342 pronissimum
728 265 929 340 peccatorum.
960 261 995 344 rt.
1020 259 1066 324 Ex

46 357 139 434 parte
169 347 396 415 conversionis
424 348 466 413 ad
491 347 667 425 materiale,
691 346 790 426 idest,
816 347 1064 428 celsitudinem,

47 460 131 520 non;
157 438 235 525 quia
258 439 329 504 baeo
351 457 421 503 non
455 438 555 503 babet
589 436 783 516 maximam,
809 436 1064 522 repugnantiam

47 531 88 596 ad
111 532 241 595 bonum
264 526 408 607 virtutis,
429 528 488 592 sed
511 545 552 590 ex
575 529 668 611 parte
696 524 895 608 aversionis,
918 545 993 612 quae
1015 531 1065 594 est

47 618 205 699 formalis,
226 616 283 697 sio,
307 617 384 702 quia
417 615 539 681 avertit
571 635 631 700 ρετ
653 635 704 695 se,
726 621 760 682 et
793 617 863 684 eius
892 623 985 696 aetus
1014 621 1064 684 est

48 711 258 791 contemptus
280 706 355 787 uei;
378 707 437 772 sed
458 705 521 772 alia
544 709 676 789 peecata
697 711 855 772 avertunt
870 706 962 792 quasi
985 726 1064 774 eou-

47 803 226 884 sequenter
249 816 309 881 per
331 795 563 880 ignorantiam,
589 796 641 860 vel
664 794 913 878 infirmitatem,
933 797 986 862 vel
1010 797 1067 863 de·

48 888 210 954 siderium
225 885 362 953 alieuius
386 884 475 965 boni,
490 886 549 951 sed
563 888 643 951 -naee
658 904 716 969 per
738 905 772 952 se
784 907 818 952 se
832 885 899 953 Deo
918 887 1066 971 opponit,

50 983 81 1043 et
104 978 179 1043 ideo
203 975 387 1061 specialiter
410 973 495 1041 Dens
518 973 667 1058 superbis
690 975 822 1040 resistit.

49 1065 64 1093 *
85 1065 226 1132 Difficile
249 1069 298 1131 est
320 1065 427 1131 vitare
460 1064 666 1148 snperbiam,
689 1065 766 1149 quia
795 1066 875 1130 latet
908 1064 1008 1132 etiam
1031 1065 1067 1131 in

51 1156 146 1223 bonis
169 1155 335 1241 operibus,
356 1155 415 1220 sed
438 1173 514 1220 oum
537 1155 808 1237 deprehenditur,
824 1152 918 1220 laoile
940 1155 1068 1222 vitatur

52 1245 315 1312 consideratione
358 1246 513 1310 humanae
557 1242 713 1322 miserie,
752 1248 785 1310 et
829 1243 1068 1330 magnitudinis

52 1335 186 1403 divinae.
368 1375 369 1378 =

33 1424 79 1493 lt.
113 1425 145 1492 7.
178 1423 228 1492 Ao
263 1423 403 1508 superbio
438 1425 481 1488 sit
516 1425 650 1506 primum
688 1425 825 1490 omnium
858 1431 1069 1508 peecatorum.

56 1519 91 1598 ri.
113 1514 181 1594 Sia,
206 1514 283 1599 quia
306 1513 432 1580 aversio
466 1533 485 1578 a
508 1511 591 1592 Deo,
616 1514 651 1577 in
681 1531 746 1597 qua
774 1513 922 1580 consistit
950 1515 1072 1580 torma·
1112 1591 1114 1594 ¹

55 1606 129 1671 liter
153 1609 334 1689 peecatum,
348 1608 396 1668 est
412 1621 470 1686 ρετ
486 1622 520 1667 se
544 1602 579 1668 in
603 1604 766 1685 superbia,
783 1607 816 1668 et
838 1603 885 1670 sie
900 1608 1073 1688 peecatum

56 1695 90 1760 in
113 1713 247 1779 genere,
268 1695 326 1760 sed
349 1692 385 1758 in
409 1691 480 1758 aliis
503 1694 551 1757 est
575 1711 616 1757 ex
639 1691 860 1778 oonsequeati.

55 1783 69 1812 *
91 1783 160 1850 Non
177 1784 267 1869 quod
283 1783 454 1869 quodlibet
473 1784 644 1865 peecatum
660 1783 702 1849 ab
720 1802 758 1848 ea
774 1781 910 1862 oriatur,
927 1784 986 1853 sed
997 1781 1076 1868 quia

58 1873 228 1957 quodlibet
243 1891 346 1956 genus
370 1873 494 1955 peceati
517 1875 624 1956 potest
646 1874 688 1938 ab
711 1891 749 1938 oa
772 1872 870 1952 oriri,
894 1871 968 1939 ideo
991 1873 1076 1938 dioi-

11 1967 12 1972 ’
58 1967 110 2029 tur
134 1963 270 2029 initium
294 1963 402 2029 omnis
426 1960 561 2045 peceati.
584 1960 682 2041 ltem,
715 1961 874 2045 apostasia
895 1966 945 2028 est
968 1963 1076 2048 prima

57 2073 128 2135 pars
152 2051 327 2135 superbiae.

40 2141 99 2210 Art.
123 2142 156 2209 8.
180 2141 231 2208 Au
260 2140 400 2226 superbio
426 2142 471 2206 sit
495 2141 606 2207 silbam
632 2141 770 2226 capitolo,
795 2143 830 2227 ri.
853 2139 927 2222 Sio,
943 2141 1010 2208 imo
1032 2146 1081 2210 se·

61 2233 208 2299 eundum
232 2229 426 2317 Gregorium
448 2233 498 2296 est
520 2230 635 2315 regina
658 2235 692 2298 et
725 2235 829 2298 mater
852 2230 1003 2300 omnium
1027 2233 1080 2300 vi·

11 2359 12 2364 κ
61 2323 193 2390 tiorum.

61 2413 72 2442 '
94 2411 272 2497 Superbia,
296 2431 371 2496 quae
393 2409 584 2478 inordinate
614 2409 739 2496 appetit
767 2411 1005 2492 excellentiam,
1030 2414 1081 2480 est

62 2522 157 2570 eausa
179 2501 290 2569 inanis
312 2500 435 2588 gloria,
459 2520 534 2585 quae
557 2501 629 2568 vult
651 2501 950 2570 manifestationem
973 2501 1081 2569 exoel·

11 2659 12 2678 ρ
62 2591 180 2659 lentiae.

11 2685 13 2766 >
396 2769 575 2854 Qumsulo
597 2769 723 2840 CLXIII.

11 3051 12 3058 Ν
112 2957 207 3022 De
230 2911 488 3035 peceato
512 2954 700 3036 primi
724 2953 1008 3024 hominm.

11 3115 12 3140 ³
46 3131 107 3202 Art.
132 3131 163 3201 l.
187 3129 238 3200 An
263 3137 418 3216 peccatum
451 3128 523 3198 luo
544 3133 643 3216 fissili
673 3130 822 3215 superbio.
848 3133 883 3218 ri.
913 3133 981 3216 Sie,
1000 3133 1083 3218 'qnia

11 3259 13 3338 p
64 3224 126 3290 luit
156 3221 290 3288 initium
321 3221 428 3289 omnis
452 3222 593 3306 peceati,
617 3223 708 3308 quod
742 3226 791 3288 est
814 3222 978 3306 superbia.
1002 3222 1083 3289 ltem

11 3339 12 3392 l
67 3313 100 3378 in
124 3331 164 3379 eo
187 3315 274 3378 statu
303 3315 402 3379 bomo
438 3330 507 3378 non
543 3310 651 3396 potuit
674 3317 829 3396 appetere
851 3312 1004 3378 sensibile
1027 3315 1084 3379 bo·

11 3405 12 3476 }
67 3423 149 3469 num
171 3408 288 3468 eontra
317 3403 497 3479 rationem,
521 3403 598 3487 quia
623 3421 690 3467 non
720 3405 792 3469 erat
816 3401 949 3469 rebellio
978 3401 1085 3467 earnis

11 3483 13 3528 Ψ
69 3493 108 3557 ad
131 3491 297 3576 spiritum,
314 3494 371 3559 sed
396 3497 526 3558 tantum
542 3492 619 3577 quia
635 3491 760 3575 appetit
775 3491 943 3575 spirituale
958 3491 1086 3560 bonnm

11 3583 13 3660 ξ
69 3580 258 3648 inordinate
280 3601 381 3666 supra
405 3601 595 3648 mensnram
621 3581 839 3665 praestitutam
862 3602 881 3647 a
904 3579 1020 3648 divina
1037 3600 1087 3645 re-

11 3725 12 3744 ,
69 3675 153 3756 gula,
176 3676 210 3738 et
234 3673 304 3738 haee
327 3677 376 3738 est
398 3672 563 3756 superbia.
579 3670 660 3740 ltem
684 3671 908 3740 inobedientia
925 3671 960 3738 in
984 3671 1088 3738 Adam

11 3749 14 3796 ³
135 3762 212 3832 Diui
238 3761 364 3832 Tlomo.
955 3759 999 3828 23
