2652 4198
254 411 289 493 d.
313 408 380 490 Sic,
404 408 481 492 quia
504 408 598 473 illum
620 410 732 485 docet,
761 409 819 483 dat
852 408 921 472 vim
955 406 1180 492 intelligendi,
1219 408 1282 474 dal

250 498 375 580 species
398 496 630 581 intelligibiles,
654 497 816 580 imprimit
837 497 1081 565 similitudines.

229 585 299 654 Art.
323 587 354 655 l.
378 587 427 655 Are
449 588 531 654 Deua
551 591 647 671 poerit
668 607 784 655 movero
805 589 990 656 eolcrrtotom
1005 593 1146 655 orcotom.
1165 587 1202 671 d.
1222 585 1282 654 Sic

192 709 209 728 ν
248 678 451 745 sufficienter
473 682 510 745 ut
533 681 710 761 objectum,
733 677 810 763 quia
833 679 940 744 virtus
964 676 1091 762 passiva
1115 678 1281 742 volunta·

249 767 290 832 tis
312 787 347 833 sc
370 768 520 833 extendit
549 769 591 833 ad
622 771 747 834 bonum
778 767 980 847 universale,
1009 768 1099 853 quod
1126 769 1178 832 est
1199 766 1281 848 ejus

249 859 430 940 obiectum,
465 863 498 924 et
527 858 614 923 solus
642 858 727 924 Deus
759 863 807 924 est
834 860 958 926 bonum
983 857 1187 938 universale,
1211 858 1280 921 sed

248 948 375 1014 bonum
402 952 548 1013 creatum
579 952 626 1012 est
652 946 867 1030 particulare,
892 953 925 1013 et
949 967 1017 1015 non
1041 951 1154 1013 movet
1176 945 1278 1010 sulli-

249 1027 405 1114 cienter,‘
424 1040 457 1101 ct
490 1037 676 1108 efficaciter.
707 1038 786 1102 ltem
814 1038 899 1104 Deus
927 1040 1039 1103 movet
1061 1038 1277 1106 voluntatem

247 1123 387 1193 interius
417 1147 491 1192 eam
526 1125 734 1206 inclinando,
763 1127 840 1211 quia
864 1131 913 1193 est
937 1127 1082 1211 primum
1110 1143 1275 1208 morene,

246 1219 279 1278 et
302 1216 437 1282 ultimus
461 1215 551 1293 linis,
573 1219 632 1282 sed
657 1237 724 1284 non
748 1217 835 1302 cogit
857 1217 964 1296 illam,
995 1217 1072 1300 quia
1102 1218 1159 1281 dat
1192 1233 1272 1296 pro·

246 1303 352 1384 priam
389 1305 657 1388 inclinationem
691 1311 725 1372 et
756 1306 803 1371 sic
837 1307 936 1372 etiam
965 1305 1091 1374 moveri
1115 1305 1271 1388 potesta

243 1391 357 1475 seipsa,
381 1397 472 1462 unde
495 1395 579 1461 ratio
603 1395 723 1474 meriti,
748 1397 799 1460 vel
823 1395 978 1462 demeriti
1001 1415 1070 1463 non
1093 1395 1236 1461 tollitur.

222 1480 291 1568 Art.
315 1483 347 1550 5.
370 1484 422 1550 Ao
444 1485 526 1552 Dece
549 1493 689 1570 operetur
712 1488 747 1554 io
770 1489 854 1558 omni
877 1493 1028 1569 operante.
1054 1486 1089 1569 ri.
1112 1484 1181 1562 Sic,
1205 1485 1268 1551 sed

112 1645 114 1649 ⁸
243 1591 295 1636 rea
317 1576 440 1642 habent
463 1576 561 1640 eliam
587 1577 754 1658 propriam
777 1579 1012 1659 operationem,
1031 1591 1124 1642 secus
1138 1575 1266 1642 trustra

242 1667 349 1728 essent
372 1664 511 1729 virtutes
534 1666 711 1746 operativae
736 1667 834 1732 rebus
858 1667 1003 1733 tributae.

246 1750 365 1818 *Deus
394 1759 550 1837 operatur
575 1754 609 1820 in
635 1756 729 1821 nobis
753 1775 812 1837 per
837 1758 973 1822 modum
997 1752 1096 1838 primi
1118 1751 1269 1839 agentis,

242 1841 345 1908 etsie
369 1864 436 1910 non
461 1849 510 1910 est
531 1847 696 1928 superflua
720 1845 867 1928 operatio
889 1843 1027 1912 secundi
1051 1844 1189 1930 agentis.

219 1929 290 2000 Art.
313 1932 344 2000 6.
370 1939 420 2001 Ao
445 1935 525 2003 Deua
545 1939 642 2018 possit
661 1939 761 2019 socero
783 1935 902 2018 aliquid
925 1943 1036 2018 proter
1058 1935 1196 2001 ordinere
1217 1953 1270 2001 re·

242 2021 294 2088 ooo
329 2024 472 2108 toditem,
508 2028 543 2110 ri.
578 2026 645 2106 Sic,
676 2030 775 2106 prout
805 2027 888 2092 ordo
919 2027 1042 2109 pendet
1070 2045 1088 2091 a
1114 2023 1269 2090 secunda

240 2130 352 2190 causa,
381 2117 439 2178 sed
469 2133 537 2182 non
562 2119 668 2197 potest
690 2115 797 2180 lacere
826 2118 943 2181 contra
967 2115 1119 2180 ordinem
1150 2132 1268 2180 rerum

240 2206 339 2280 prout
369 2205 536 2284 dependet
566 2224 585 2268 a
616 2203 722 2286 prima
752 2224 865 2283 causa,
896 2203 976 2289 quia
998 2206 1122 2270 laceret
1143 2207 1266 2270 contra

205 2321 208 2326 ·
238 2289 480 2370 praescientiam
514 2311 624 2372 suam,
654 2295 743 2377 quod
775 2299 840 2374 eat,
869 2293 1085 2380 impossibile,
1116 2296 1149 2360 et
1171 2295 1267 2378 quod

238 2378 324 2446 Dens
347 2380 393 2446 sic
417 2383 497 2466 agit,
522 2387 570 2447 est
594 2387 714 2467 praeter
737 2387 910 2464 naturam,
934 2404 1003 2451 non
1027 2387 1159 2462 eontra,
1182 2382 1266 2464 quia

238 2469 322 2535 actio
354 2472 511 2538 naturalis
541 2476 664 2556 pendet
694 2492 713 2539 a
740 2472 822 2553 De03
851 2493 943 2541 secus
965 2474 993 2540 si
1017 2475 1116 2541 homo
1135 2474 1266 2556 iaceret

237 2558 382 2642 lapidem
405 2562 441 2628 in
464 2563 582 2643 altum,
605 2568 686 2631 tunc
709 2567 792 2630 esset
814 2569 930 2631 contra
955 2567 1109 2640 naturam
1129 2559 1263 2646 lapidis,

238 2667 312 2733 quac
346 2670 414 2717 non
451 2653 573 2735 pendet
607 2655 649 2722 ab
683 2653 828 2724 homine.
863 2653 943 2720 ltem
973 2671 1050 2720 eum
1079 2653 1168 2718 Deus
1192 2651 1264 2737 agit

237 2743 359 2821 praeter
383 2744 474 2808 hunc
496 2743 659 2822 ordinem,
685 2763 753 2810 non
778 2747 942 2825 mutatur,
966 2743 1044 2829 quia
1066 2742 1131 2810 sibi
1153 2759 1263 2809 reser-

224 2828 329 2894 'vavit
351 2831 449 2900 aliter
472 2853 506 2898 se
528 2834 694 2900 iacturum
718 2833 907 2918 aliquando.

212 2918 281 2985 Art.
306 2919 336 2990 7.
360 2920 411 2988 dre
434 2926 538 2991 omnio
560 2943 623 3009 ooo
647 2924 729 2992 Deos
751 2926 829 3008 feeit
845 2931 960 3010 preter
982 2921 1120 2994 ordinem
1137 2922 1261 2992 nowen

236 3010 304 3074 etot
323 3015 482 3083 miraculo.
509 3017 543 3098 d.
568 3015 635 3095 Sic,
659 3013 733 3100 quac
757 3017 844 3082 frunt
866 3035 885 3080 a
908 3014 975 3082 Deo
998 3020 1120 3099 practer
1142 3033 1258 3082 causas

237 3099 332 3166 nobis
363 3109 473 3183 notas,
506 3105 664 3171 dicuutur
690 3104 864 3184 miracula,
889 3103 1013 3184 idest,
1037 3102 1260 3172 admiratione

160 3261 169 3274 ‚
236 3187 356 3271 digna:
379 3197 486 3275 potest
509 3197 618 3260 tamen
644 3193 769 3279 aliquid
798 3213 866 3262 ease
895 3193 1018 3262 mirum
1053 3195 1127 3274 uni,
1156 3213 1259 3280 quem

235 3296 332 3362 cauea
355 3281 444 3361 latet,
468 3284 562 3350 alleri
587 3303 667 3350 vcro
691 3304 772 3365 non,
795 3301 894 3370 quem
918 3305 1016 3352 causa
1039 3304 1108 3352 non
1132 3284 1223 3352 latet.

213 3366 285 3436 Art,
305 3370 337 3437 8.
361 3370 410 3437 Ao
432 3393 528 3440 onum
550 3373 731 3442 miraculum
753 3376 798 3440 eit
818 3375 916 3459 molus
939 3375 1011 3450 olio.
1037 3376 1072 3459 ri.
1096 3373 1159 3454 Sic,
1178 3373 1257 3460 quia

238 3478 306 3527 non
330 3461 433 3546 magis
456 3465 586 3530 excedit
617 3465 806 3534 facultatem
838 3469 982 3545 naturae,
1012 3485 1051 3530 eo
1078 3464 1185 3550 majus
1208 3468 1258 3530 eat

237 3550 451 3632 miraculum,
482 3557 515 3618 et
544 3555 714 3621 exceditur
738 3558 872 3635 natura,
896 3557 948 3622 vel
971 3555 1156 3622 secundum
1178 3553 1258 3622 sub·

235 3639 390 3708 santiam
413 3642 501 3722 lacti,
525 3646 562 3708 ut
586 3643 769 3727 penetratio
793 3663 985 3728 corporum,
1008 3645 1062 3710 vel
1086 3642 1121 3711 in
1144 3664 1195 3726 eo,
1219 3643 1256 3711 in

236 3745 303 3807 quc
332 3729 441 3797 situl
477 3733 647 3800 resuscitat
676 3738 901 3813 mortuorum,
929 3733 982 3802 vel
1012 3732 1048 3804 in
1076 3735 1191 3815 modo,
1224 3737 1258 3800 et

239 3815 358 3884 ordine
381 3819 534 3908 faciendi,
557 3826 694 3894 etcum
718 3821 829 3892 statim
851 3823 925 3910 quie
947 3843 967 3896 a
988 3823 1073 3894 febri
1096 3825 1244 3896 curatur.
