2604 4210
25 59 27 204 l

85 324 202 392 *Sicut
224 324 311 390 Deus
334 344 401 390 non
425 323 545 408 quaerit
574 323 712 408 gloriam
746 342 839 389 suam
874 327 1009 408 propter
1042 346 1093 406 se,

25 419 27 430 ’
82 418 132 481 sed
154 418 291 500 propter
314 434 383 494 nos,
406 414 454 480 sic
477 417 509 478 et
532 416 630 479 homo
654 417 760 497 potest
783 419 918 496 propter
940 415 1019 480 alios
1034 436 1090 498 ap·

84 509 143 570 lere
165 505 305 589 gloriam
327 524 431 582 suam,
454 504 545 568 unde
569 523 635 569 non
660 509 708 568 est
731 505 954 585 expetendum
970 525 1090 589 cogno-

81 597 130 672 sei,
153 595 216 659 nisi
240 615 300 677 pro
323 592 380 660 Dei
404 593 504 678 gloria
531 597 563 657 et
586 593 728 676 proximi
752 593 909 673 utilitate,
934 596 1008 661 ideo
1032 599 1089 662 lra-

83 685 184 749 henda
207 688 255 749 est
277 703 357 749 cura
380 685 423 748 de
447 685 534 748 bono
558 684 705 750 nomine.

453 186 529 238 arvi
552 184 698 237 rnoun.
985 171 1049 240 323

63 771 118 838 Art.
141 775 170 841 2.
195 772 244 841 Aa
269 775 373 839 iaaais
395 775 496 856 pierio
511 781 682 856 opponatur
698 775 958 856 mopaaaimitoti.
976 777 1011 859 ri.
1029 776 1092 857 Sic,

25 843 27 944 Ι
81 864 149 946 quia
185 865 402 929 immoderate
437 863 543 929 utitur
578 864 698 946 gloria,
734 868 767 928 ct
802 863 879 928 licet
908 866 1093 931 secundum

25 947 26 990 l
81 954 324 1019 aestimationem
348 958 535 1036 opponatur
559 972 619 1035 per
642 972 828 1032 excessum,
852 953 929 1036 quia
952 955 1091 1038 gloriam

80 1063 170 1126 quam
202 1041 328 1127 appetit
356 1046 452 1126 putat
484 1042 608 1126 aliquid
634 1061 802 1128 magnum,
832 1047 942 1107 tamen
976 1063 1090 1112 revera

80 1132 183 1198 ‹letieit
206 1153 225 1198 a
249 1133 472 1215 magnanimo,
495 1133 552 1215 qni
577 1132 665 1196 illam
689 1133 788 1197 talem
812 1152 880 1197 non
905 1136 1007 1217 putat.

25 1281 26 1302 ,
63 1223 118 1288 lrt.
142 1223 172 1290 3.
196 1221 246 1290 Aa
269 1224 374 1288 iaeeis
397 1223 498 1305 plorio
524 1225 569 1286 sit
591 1229 746 1304 peccatam
781 1224 917 1290 mortale.
953 1225 988 1307 ri.
1023 1223 1092 1304 Sic,

25 1369 26 1376 ,
79 1314 204 1394 quando
228 1312 452 1377 contrariatur
476 1313 628 1376 charitati
651 1332 728 1395 erga
752 1311 874 1389 Deum,
898 1315 936 1377 ut
959 1313 1089 1380 ratione

25 1427 26 1432 ¹
80 1401 219 1466 oratoriae
246 1421 280 1466 v.
308 1421 338 1484 g.
369 1401 598 1466 irreverentiae
625 1420 702 1465 cum
725 1400 821 1480 talso,
851 1406 889 1466 ut
912 1422 988 1467 oum
1012 1404 1092 1468 dicit

25 1491 26 1566 ἦ
78 1512 129 1573 ego
151 1510 226 1556 sum
249 1490 350 1568 Deus,
380 1491 433 1554 vel
456 1491 484 1555 si
508 1491 574 1555 Deo
598 1492 732 1573 praefert
761 1493 886 1556 bonum
911 1495 1091 1574 temporale

77 1581 112 1643 de
133 1601 199 1664 quo
219 1580 401 1668 ¹gloriatur:
424 1581 475 1644 vel
502 1579 727 1646 testimonium
751 1581 926 1646 hominnm
949 1582 995 1646 illi
1012 1583 1087 1648 Dei:

77 1671 121 1732 rel
145 1690 185 1735 ex
209 1673 303 1752 parte
326 1669 506 1754 gloriantis
530 1673 568 1735 ut
591 1689 666 1734 cum
691 1669 785 1752 ponit
808 1671 962 1735 ultimum
985 1672 1088 1737 tinem

76 1758 105 1824 in
129 1760 283 1843 gloriam:
309 1760 362 1824 vel
387 1764 500 1843 peccat
522 1765 638 1826 contra
662 1758 767 1825 Deum
791 1779 851 1843 pro
868 1760 981 1843 gloria,
997 1779 1090 1826 secus

25 1845 26 1924 l
76 1867 155 1914 vana
185 1850 288 1932 gloria
317 1853 366 1913 est
396 1851 566 1933 peccatum
590 1849 734 1927 veniale,
759 1848 785 1912 si
811 1869 878 1914 non
903 1853 950 1914 est
973 1855 1089 1916 contra

74 1939 272 2016 charitatem,
296 1938 398 2004 etsie
421 1940 520 2005 habet
544 1941 651 2004 locum
676 1938 710 2004 in
734 1938 837 2003 servis
860 1937 991 2003 Christi.

57 2025 496 2111 culminacaetera
521 2031 565 2094 sit
590 2036 744 2110 peccatam
774 2029 911 2094 mortale.
950 2031 984 2111 ri.
1018 2028 1087 2108 Sic,

25 2121 27 2188 l
74 2119 143 2200 quia
177 2123 313 2201 propter
344 2137 415 2182 eam
447 2119 552 2184 multa
579 2119 660 2184 vitia
683 2119 854 2197 oriuntur,
877 2122 910 2182 et
933 2119 1086 2200 superbia

72 2213 114 2271 est
138 2211 244 2274 mater
268 2208 418 2272 omnium
443 2207 614 2273 vitiorum.

55 2293 110 2362 Art.
134 2299 166 2364 5.
189 2295 239 2364 Aa
263 2300 476 2364 coneraiaetar
498 2297 641 2363 dicantar
663 2299 736 2379 filia
760 2301 866 2364 ieonis
888 2299 995 2380 picria
1019 2301 1085 2363 iao-

25 2429 26 2432 ,
73 2386 231 2468 laetantia,
262 2391 427 2466 iaetantia,
455 2390 640 2470 hypocrisis,
665 2390 871 2464 aoratioaatia,
893 2390 1084 2469 pertinacia,

71 2476 216 2543 discordia
250 2485 281 2544 et
313 2481 482 2544 novitatem
508 2479 714 2560 presumptio.
746 2479 780 2561 ri.
812 2479 878 2556 Sic,
908 2477 984 2560 quia
1006 2482 1085 2542 sunt

71 2568 227 2632 ordinatae
251 2569 293 2634 ad
317 2569 418 2632 finem
443 2567 550 2632 inanis
581 2567 705 2650 gloriae,
729 2572 874 2650 quaeest
898 2565 1085 2632 manifesta·

25 2667 26 2676 ¹
72 2660 111 2721 tro
134 2657 278 2742 propriae
302 2657 517 2722 excellentie.

384 2832 563 2920 QUAESTlO
586 2833 742 2900 CXXXlll.

25 3117 27 3120 Ι
247 3019 339 3084 De
362 3017 898 3085 Pusillanimitate.

49 3195 108 3264 Art.
133 3198 164 3264 l.
187 3195 237 3264 Aa
258 3198 500 3280 pusillanimitas
522 3198 566 3260 sit
584 3202 750 3279 peccatam.
777 3198 810 3280 il.
835 3196 902 3274 Sic,
927 3196 1003 3282 quia
1026 3199 1083 3262 de·

68 3289 130 3352 licit
162 3290 243 3353 dum
277 3292 405 3352 recusat
435 3287 573 3351 tendere
596 3286 631 3351 in
656 3286 707 3364 id,
731 3289 818 3370 qrrod
841 3290 890 3352 est
913 3291 1083 3352 consenta-

68 3397 164 3442 neum
187 3397 255 3443 suae
280 3377 446 3460 potentiae,
469 3375 554 3443 sicut
577 3376 790 3460 praesumptio
814 3382 862 3441 est
886 3381 1068 3459 peecatum.

67 3464 321 3533 *pusillanimis
345 3467 468 3532 dicitur
492 3487 560 3532 non
585 3486 653 3531 esse
675 3469 797 3544 maluS,
828 3465 885 3549 qui
916 3465 999 3529 nulli
1024 3486 1083 3530 no·

25 3609 26 3620 ,
67 3565 129 3636 eet,
156 3557 219 3620 nisi
244 3577 304 3639 per
329 3556 498 3635 accidens,
530 3556 606 3640 quia
637 3576 704 3621 non
730 3556 807 3620 lacit
830 3575 903 3638 quae
927 3560 1082 3637 prosunt,

66 3650 118 3713 sed
141 3651 266 3730 peccat,
290 3648 458 3731 quianon
483 3651 645 3730 repugnat
673 3647 857 3711 virtuosum
885 3663 977 3728 posse
999 3645 1082 3709 levi·

67 3741 113 3802 ter
147 3757 295 3822 peceare.
330 3737 409 3803 item
441 3735 690 3820 pusillanimitas
720 3737 826 3823 potest
851 3735 939 3806 nasci
964 3755 1004 3807 eu
1027 3754 1086 3812 su«
