2652 4198
272 83 315 150 70
627 105 673 158 nx
697 103 809 158 annun
833 103 952 158 ranna

222 252 291 322 Art.
315 254 347 321 t.
369 254 419 324 Au
440 259 581 326 oolautas
602 267 721 329 moomt
740 259 938 328 intellectum.
964 260 1000 344 ei.
1016 257 1080 341 Sic,
1095 257 1175 346 qnia
1191 279 1271 346 per-

244 343 385 428 cipimus
406 367 480 434 qnae
505 350 666 430 volumus,
688 352 746 417 sed
769 351 954 417 intellectus
972 354 1089 417 movet
1111 350 1270 418 volunta·

244 437 312 500 tem
342 437 502 520 finaliter,
529 440 608 525 quia
636 443 761 508 bonum
792 439 998 506 intellectum
1026 443 1075 505 est
1097 441 1267 524 obiectum

242 543 381 592 movens
404 528 627 610 voluntatem,
650 533 690 596 ιιι
711 529 799 596 bnis.
828 528 909 596 item
933 528 1120 596 intellectus
1148 534 1182 595 et
1205 549 1268 596 vo·

242 614 353 682 luntas
375 637 410 684 se
432 619 557 686 babent
580 625 617 687 ut
640 622 819 698 excedens,
844 623 879 685 et
900 637 1080 686 excessum.
1104 619 1185 685 item
1209 638 1267 686 vo·

240 705 352 772 lunms
375 712 488 774 movet
509 729 624 776 omnes
643 711 731 777 vires
745 710 877 788 animae,
891 710 950 775 sed
965 727 1034 775 non
1051 709 1264 795 vegetativas.

223 793 292 864 Art.
315 795 348 864 b.
370 797 419 865 Au
442 799 608 868 irascibilis
635 809 669 868 ct
693 799 936 886 corrcupieu‘bills
963 799 1089 867 loborat
1114 798 1268 886 distinqui

242 889 278 952 io
301 891 438 972 appetitu
459 893 621 974 superiori.
651 893 686 977 ri.
718 891 873 959 Voluntas
897 909 965 956 non
987 889 1204 974 distinguitur
1227 891 1264 956 in

241 976 450 1058 irascibilem,
474 985 507 1045 et
529 981 830 1064 concupiscibilem,
853 979 931 1065 quia
953 978 1119 1062 cbiculum
1143 979 1264 1046 volun·

239 1065 315 1132 talis
338 1071 387 1134 est
407 1067 514 1136 solnm
539 1071 665 1138 bonum
689 1070 890 1149 universale,
916 1067 978 1134 nisi
1002 1069 1201 1152 improprie,
1223 1069 1262 1135 id

239 1159 304 1236 est,
328 1160 366 1222 ιιι
395 1157 565 1226 irascibilis
593 1159 767 1246 impugnat
794 1161 919 1226 malum
946 1177 989 1224 ex
1013 1157 1140 1242 judicio
1163 1158 1264 1226 ratio·

238 1245 300 1323 nis,
325 1249 359 1312 eb
382 1249 653 1332 concupiscibilis,
677 1270 738 1335 per
759 1249 961 1318 desiderium
984 1246 1168 1314 bonitates
1188 1267 1263 1332 spes

237 1333 361 1402 dicitur
384 1355 452 1405 esse
475 1337 511 1404 in
535 1338 701 1420 irascibili,
723 1345 758 1408 et
779 1338 922 1408 ebaritas
943 1338 980 1405 in
997 1336 1262 1422 concupiscibili.

554 1518 735 1605 cubatio
758 1517 916 1590 cxxxiii.

415 1701 732 1774 Delibero
756 1701 1055 1814 Arbitrio.

213 1877 282 1950 brt.
308 1878 338 1951 t.
361 1881 411 1952 Aa
433 1883 520 1954 bomo
542 1889 587 1954 sil
608 1885 699 1955 libori
721 1884 857 1955 arbitrii.
876 1884 911 1970 ri.
934 1884 997 1964 Sic,
1012 1882 1089 1970 quia
1105 1883 1205 1952 bomo
1221 1883 1259 1952 in

234 1973 409 2128 bgitbffiellms
432 1981 574 2132 nonnssst
594 1973 1261 2136 gelprnlrgnatnnsl'advntssummsoentlimseefibp-

213 2083 275 2150 ¹.e
324 2083 343 2127 a
401 2084 559 2148 opposr.
619 2086 678 2133 cc.
749 2116 758 2135 .
814 2085 908 2150 repar
975 2084 1026 2132 cus
1223 2087 1261 2133 iu

233 2169 328 2219 mauu
351 2155 475 2220 consilii
496 2159 555 2223 sui.
676 2151 679 2157 ⁴

234 2243 244 2266 ²
269 2241 371 2308 Homo
395 2263 463 2311 non
486 2243 564 2310 iacit
582 2247 672 2330 quod
694 2243 777 2326 vult,
801 2245 880 2331 qnia
898 2244 1063 2330 appellius
1079 2252 1259 2330 repugnat.

233 2329 313 2397 ltem
345 2352 413 2399 non
445 2336 494 2400 est
523 2335 681 2416 volentis,
710 2336 789 2422 quia
817 2337 959 2403 liberum
985 2335 1161 2402 arbitrium
1186 2356 1259 2404 non

230 2421 353 2488 suflicit
381 2424 424 2489 ad
451 2423 600 2509 gloriam.
624 2424 704 2494 item
728 2430 883 2494 movetur
905 2445 924 2492 a
946 2425 1069 2510 scipso,
1091 2425 1150 2491 sed
1174 2441 1261 2492 con·

230 2512 337 2578 currit
359 2512 445 2579 Dens
466 2517 651 2582 secundum
675 2520 811 2584 nameus
834 2533 958 2584 rernm.
988 2514 1069 2582 item
1091 2513 1170 2580 vitae
1194 2518 1260 2584 bo·

229 2600 330 2666 minis
354 2609 489 2686 possunt
512 2604 668 2688 impediri
689 2611 854 2692 quantum
867 2608 910 2674 ad
925 2607 1165 2684 executionem,
1182 2625 1258 2676 non

228 2695 392 2774 quantum
420 2695 462 2760 ad
487 2693 673 2762 electiones.

207 2778 276 2848 Art.
299 2781 331 2848 2.
354 2781 404 2850 Au
428 2783 555 2852 liberum
576 2785 743 2854 arbitrium
765 2789 810 2854 sit
826 2789 975 2872 pobolia.
1000 2784 1257 2872 1i.Sic,etnon

229 2875 279 2936 est
302 2873 442 2952 babitus,
467 2875 542 2941 licet
566 2876 600 2942 in
625 2897 664 2944 ec
685 2877 728 2942 sit
750 2875 892 2958 babitus,
914 2881 953 2944 nt
975 2877 1011 2946 in
1035 2877 1194 2962 potentia,
1213 2878 1259 2944 ti-

228 2963 280 3025 cet
303 2962 496 3031 nominetur
519 2985 560 3032 ex
583 2972 658 3033 actu
682 2966 822 3034 arbitrii.

207 3048 276 3118 Art.
293 3049 708 3124 apellecianorum
725 3060 769 3123 sit
780 3060 920 3142 potentia
933 3059 1113 3145 appetitiva.
1137 3059 1171 3140 ri.
1189 3056 1261 3140 Sic,

228 3142 305 3224 quia
328 3143 443 3211 electio
466 3147 536 3230 ejus
559 3154 651 3214 actus
674 3152 723 3214 est
746 3147 781 3212 in
806 3147 953 3231 potentia
975 3147 1166 3233 appetitiva.

132 3229 134 3232 ’
227 3233 242 3307 ἴ
264 3229 392 3299 Dicitur
415 3234 558 3302 liberum
580 3236 755 3304 arbitrium
779 3237 872 3322 quasi
901 3239 1043 3306 liberum
1066 3236 1257 3322 leudisium,

227 3320 312 3405 quia
324 3322 488 3404 jndioinm
514 3326 714 3393 terminatur
736 3343 796 3410 per
818 3327 1043 3433 acceptionem
1065 3327 1254 3412 appetitus,

202 3429 325 3569 Αξιιῖμιιε.
344 3417 737 3576 ξιοιξεὲἱΐιιιξιδιιὶιιξῖνῒιῗι
750 3419 1024 3592 saigtglttrnnffim
1039 3527 1060 3575 o
1074 3507 1251 3578 oobutote.

223 3593 259 3674 ιι.
282 3591 369 3673 Νοιι,
399 3597 456 3662 sed
484 3596 644 3664 dillcrnni
673 3597 811 3664 diversis
839 3600 982 3681 actibus;
1004 3598 1112 3667 similo
1133 3602 1183 3668 est
1207 3597 1248 3668 in

218 3679 399 3766 intellectu,
424 3684 609 3776 intelligere
631 3690 666 3754 et
688 3686 888 3758 ratiocinari.
