2614 4190
443 161 521 220 mur
543 162 690 221 micum.
979 138 1047 216 cci

47 285 115 355 Art.
139 286 172 354 6.
197 285 247 353 rin
265 288 363 370 pessit
383 305 449 353 cum
472 289 573 370 utiquc
597 286 767 370 dispensari
790 305 828 351 nc
843 287 1032 369 confiteatur.
1055 285 1090 368 ri·

71 377 159 460 Papa
182 381 288 460 potest
310 377 500 460 dispensare
522 378 557 442 in
583 380 746 460 praeceptc
770 374 928 455 Ecclesiae,
962 379 1000 439 ut
1030 373 1096 437 dii·

71 467 158 532 ierat
179 471 321 550 tenpus,
343 467 401 534 aad
424 485 493 534 non
517 467 552 532 in
576 470 740 550 praecepto
763 464 894 546 divino,
923 483 967 530 ne
994 462 1098 530 conii·

73 559 195 636 icatur,
219 554 297 642 quia
320 575 388 623 non
413 558 519 640 potest
542 554 577 621 in
594 555 740 622 articulis
762 553 851 622 fidei.

446 733 624 820 QUAESTio
647 733 708 804 vu.

126 918 220 984 De
244 915 584 997 quiddrcate
608 915 1028 984 confessionis:

56 1091 128 1160 Art
152 1091 185 1160 1.
209 1092 258 1160 Ac
280 1091 470 1178 Acpustinm
492 1097 704 1162 conuenienter
725 1094 854 1180 definiat
873 1094 1099 1178 confessionem,

75 1184 179 1250 idest:
204 1183 359 1268 Gcclcmtc
380 1192 427 1252 cat
445 1203 500 1270 per
525 1203 614 1270 quum
644 1184 764 1252 mcrbcc
791 1185 886 1250 tutans
921 1203 972 1268 spe
1000 1183 1096 1250 cenioe

77 1274 227 1360 aperitur.
252 1277 287 1357 rt.
312 1273 365 1340 Est
388 1276 488 1358 bona,
523 1279 556 1340 et
578 1276 613 1340 in
641 1276 712 1340 aliis
739 1273 987 1340 definitionibus
1023 1277 1098 1337 tan·

76 1368 206 1448 guntur
226 1361 300 1445 atie,
323 1383 397 1446 quae
419 1368 498 1430 sunt
520 1363 555 1430 in
579 1363 794 1432 confessione.

54 1451 122 1522 Art.
146 1451 180 1520 2.
202 1451 253 1520 Ac
275 1455 420 1538 confessio
442 1457 591 1521 attactus
624 1456 762 1522 virtutis.
788 1455 822 1539 ri.
856 1453 919 1536 Sic,
948 1451 1026 1538 quia
1049 1452 1098 1516 est

76 1545 142 1610 sub
160 1547 335 1626 praecepto,
358 1546 392 1608 et
414 1547 463 1609 cst
484 1544 664 1612 meritoria.

77 1722 158 1809 quia
183 1723 297 1788 estad
320 1723 578 1790 destructionem
603 1725 737 1807 peccati.
768 1724 848 1789 item
871 1721 1031 1788 confessio
1066 1720 1101 1785 in

76 1809 215 1878 iudiciis
240 1811 386 1895 pertinet
414 1813 456 1878 ad
483 1813 651 1881 iustitiam.
678 1813 758 1880 item
792 1811 953 1880 confessio
980 1811 1104 1878 beneti-

77 1903 209 1970 cicrum
233 1899 292 1968 Dei
316 1903 358 1968 ad
380 1902 521 1970 latriam.

398 2125 401 2132 ,
442 2081 621 2167 QUAES'iiO
643 2081 718 2152 Viti.

156 2263 250 2330 De
273 2263 559 2330 ministr-0
586 2263 1003 2331 confessionis.

58 2438 125 2508 Art.
152 2439 184 2508 i.
208 2441 258 2508 Aa
281 2442 327 2507 stt
346 2461 463 2510 maesse
477 2444 619 2527 confiteri
633 2441 793 2511 sacerdoti.
810 2443 842 2527 rt.
858 2441 921 2522 Sic,
939 2441 1017 2528 quia
1034 2438 1103 2524 ipse

79 2532 168 2598 mins
191 2534 240 2596 cst
263 2531 423 2598 minister.

59 2620 129 2688 Art.
152 2621 186 2688 2.
216 2619 267 2688 Ac
288 2623 324 2688 in
343 2623 445 2708 ctiqcc
468 2641 539 2690 casu
564 2625 656 2690 liccat
676 2623 771 2689 cticcs'
792 2641 855 2689 ncn
870 2621 1022 2690 sacerdoti
1032 2637 1104 2686 ccc·

81 2713 177 2795 litari.
201 2712 236 2794 ri.
260 2709 547 2780 sacramentaliter
571 2733 649 2794 non,
673 2716 781 2796 posset
803 2717 913 2778 tamen
944 2731 1013 2778 esse
1036 2710 1104 2775 vir-

81 2805 136 2867 tue
155 2799 355 2869 humititatis
377 2803 413 2874 in
433 2801 638 2870 ‘necesitate
663 2801 732 2888 ipse
755 2801 951 2888 dicitquod
973 2801 1107 2887 sitque

79 2890 260 2958 dammodo
281 2892 537 2958 sacrameniaiis.

58 2977 125 3048 Art
150 2979 183 3048 ³.
206 2979 257 3048 Aa
278 2999 343 3048 ccc
364 2981 500 3050 eccardus
522 2984 558 3050 in
572 3001 644 3050 cusu
665 2985 855 3052 necessitatis
874 2985 973 3070 puscit
993 2981 1101 3051 acatirc

80 3072 299 3156 catarticum
318 3073 493 3140 conislium.
519 3075 554 3158 ri.
578 3073 647 3153 Dic,
671 3081 842 3160 utsupra.

60 3160 129 3228 Art.
153 3160 187 3230 i.
210 3160 260 3230 Ac
281 3164 325 3228 sit
345 3164 556 3245 necessarium,
580 3162 658 3247 quod
671 3167 757 3232 tomo
775 3167 955 3250 confiteatur
974 3163 1102 3250 proprio
1234 3170 1236 3175 ’

81 3251 241 3320 secarunt
265 3252 386 3338 risio,
409 3252 486 3338 quia
508 3254 691 3336 requiritur
713 3255 907 3334 iurisdictio,
930 3255 983 3320 vei
1007 3256 1049 3320 de
1063 3253 1109 3318 liv

80 3341 191 3408 centia
212 3341 402 3426 superioris.
415 3343 505 3430 ltem,
518 3342 678 3431 superior,
695 3345 752 3430 qui
770 3365 837 3412 non
862 3345 918 3410 dat
934 3343 1102 3410 licentiam

80 3431 180 3498 aiicui
203 3432 385 3499 confitendi
408 3431 487 3513 aliis,
511 3431 569 3518 qui
591 3432 671 3500 elias
699 3455 766 3501 uon
794 3437 1018 3512 confiteretur,
1049 3432 1103 3500 vel

16 3575 17 3578 ,
79 3521 228 3588 oriretur
249 3523 451 3601 scandatum,
476 3525 598 3606 peccat.

16 3765 18 3818 i

59 3607 393 3697 Art.5.1inctiqcis
420 3614 518 3694 pccsit
548 3612 652 3696 atteri,
682 3633 770 3699 quam
795 3616 922 3699 proprio
955 3612 1104 3690 sacerdoti

82 3703 227 3786 confieri
249 3721 288 3768 cc
310 3701 458 3768 manaan·
473 3704 651 3785 superioris.
676 3707 713 3788 ri.
733 3703 796 3784 Sic,
827 3704 905 3789 quia
932 3704 1031 3770 datur
1054 3705 1103 3770 iu·

80 3789 241 3874 risdictic,
264 3791 291 3859 si
318 3811 386 3860 ucu
411 3795 460 3858 est
481 3792 571 3860 atiud
595 3793 879 3877 impedimentum.
