2614 4190
265 75 333 143 dte
525 91 763 146 exsiccatam
788 89 965 147 seccanae

243 211 421 278 tendendo.
445 208 529 276 Item
551 211 674 278 sutticit
707 212 849 278 intentio
882 209 1057 276 habituaiis
1092 205 1266 284 ministri,

242 321 327 385 quae
349 304 505 384 operatur
527 301 657 367 virtute
673 301 799 388 primae
822 299 1039 377 intentionis,
1062 298 1121 364 sed
1145 315 1269 381 pracu-

242 391 347 456 renda
369 390 513 456 actualis.
538 390 618 457 ttem
641 391 676 458 in
700 392 823 471 adulta,
845 391 873 456 si
895 388 980 455 desit
1002 386 1146 454 intentio
1163 386 1268 452 mini·

241 479 312 559 etri,
337 499 395 563 per
419 480 628 548 devotionem
650 482 811 548 sumentis
833 481 1007 564 suppletur
1029 478 1169 544 eftectus
1185 495 1262 561 gra·

222 645 223 650 ἵ
243 568 307 634 tiae
329 589 348 635 a
370 568 519 637 Christe:
543 589 611 637 nan
635 575 746 638 autem
770 573 852 638 alter
874 570 1021 648 eftectus,
1046 567 1105 652 qui
1121 569 1171 632 est
1187 569 1271 632 cha·

246 662 364 728 racter.
1295 659 1296 730 t

220 745 289 816 Art.
311 747 343 815 9.
366 746 416 815 Aa
438 747 511 834 fider
533 752 672 818 minata·
693 753 739 818 eit
757 752 927 818 maecenate
949 749 984 814 dc
1006 748 1184 815 nacerettctc
1214 763 1270 812 aa·
1295 767 1296 802 a

243 841 408 905 crameatt.
433 841 468 924 ri.
492 838 573 920 Nan,
601 842 678 925 quia
711 845 868 925 operetur
902 839 1028 904 virtute
1055 836 1198 916 Christi;
1237 839 1296 900 ctt

243 926 385 1081 intlideiis
408 933 514 1011 potest
536 931 718 1014 baptizare,
742 929 846 996 etsie
870 949 937 995 nan
962 927 1146 1014 requiritur
1170 927 1269 1003 fides,
1295 935 1296 994 ἴ

245 1035 286 1082 ve
321 1016 471 1085 charitas.
1295 1027 1296 1092 t

245 1107 257 1132 '
280 1107 383 1174 Etiam
406 1107 433 1172 ei
457 1107 632 1176 infidelitas
655 1109 698 1176 sit
720 1109 807 1175 cirea
830 1109 1096 1184 Sacramentum,
1133 1103 1160 1170 si
1186 1103 1269 1170 infl-
1295 1109 1296 1134 ³

244 1196 325 1263 dctis
347 1197 493 1264 intendit
514 1200 621 1265 iacere
644 1201 732 1284 quad
755 1198 832 1265 fecit
857 1197 1004 1276 Ecclesia,
1027 1195 1173 1280 baptizat
1185 1213 1195 1275 ;
1212 1213 1269 1258 se·

245 1306 312 1366 cue,
336 1287 363 1353 si
387 1307 454 1353 nan
478 1287 521 1352 sit
548 1289 665 1356 farma.
700 1289 780 1355 item
815 1289 1012 1372 degradatus
1042 1289 1173 1370 potest,
1208 1283 1270 1348 sed

246 1380 372 1460 peccat3
396 1379 509 1461 etqui
531 1377 674 1444 scienter
695 1377 814 1462 ancipit
837 1398 855 1443 a
879 1377 1034 1461 praecisa,
1052 1395 1121 1442 nan
1142 1373 1265 1457 recipit

246 1465 396 1549 gratiam,
419 1467 497 1550 quia
520 1473 633 1551 peccet
655 1468 862 1552 cooperando
886 1470 1018 1550 peccata
1042 1465 1140 1531 iilius.

224 1553 293 1622 Art
318 1555 373 1622 10.
393 1553 443 1622 Aa
465 1559 642 1642 requiratur
664 1559 797 1624 tatcatta
819 1565 902 1624 recta
925 1557 1115 1624 Sacramenta·
1137 1549 1178 1620 ad
1197 1571 1272 1638 pcr-

247 1645 407 1728 {cetiaaam
436 1646 635 1714 Sacrcmaati.
673 1651 707 1732 rt.
736 1647 768 1713 Si
802 1645 948 1713 intendit
974 1645 1127 1712 conterre
1151 1643 1270 1710 Sacra·

248 1738 411 1818 mentum,
433 1736 527 1818 facit;
551 1737 628 1803 licet
649 1755 726 1802 cum
750 1737 836 1802 maia
859 1735 1055 1816 intentione,
1079 1737 1116 1801 ut
1140 1732 1268 1819 siquis

248 1825 448 1908 baptizanda
472 1826 664 1894 intenderet
688 1829 832 1892 tucrum.

247 1912 259 1938 *
283 1911 392 1981 Iacase
415 1913 557 1982 intentio
581 1915 769 1999 baptizandi
793 1933 861 1981 nan
885 1915 1047 1998 baptizat,
1082 1911 1162 1999 quia
1198 1914 1270 1980 tine

250 2002 396 2071 intendit
418 2005 599 2088 baptizem
622 2025 715 2072 secus
737 2005 765 2071 si
789 2004 988 2084 intenderet,
1005 2007 1064 2072 sed
1087 2004 1176 2069 maia
1201 2003 1270 2068 tine

250 2093 489 2248 uttsifservus
512 2095 619 2182 daret
646 2096 885 2180 eleemosynam
914 2093 1065 2175 damini,
1098 2094 1158 2160 aad
1180 2093 1270 2158 mate

252 2200 288 2248 rn
305 2202 347 2250 en
364 2200 454 2251 rane·
653 2196 655 2200 “
969 2193 979 2220 ²

597 2450 775 2539 QUAESTIO
790 2451 877 2523 LXV.

273 2637 365 2704 De
389 2650 648 2704 numero
675 2637 1224 2705 sacramentorum.

229 2809 299 2883 Art.
323 2813 353 2882 i.
376 2813 427 2884 Aa
453 2822 643 2883 sacramanta
670 2814 822 2883 Ecctaaim
851 2814 977 2882 debcant
1002 2819 1211 2897 anteceptam.
1236 2811 1269 2894 rt.

249 2901 313 2982 Sic,
337 2906 379 2970 ab
401 2907 519 2972 multas
542 2906 802 2989 convenientias,
824 2905 902 2991 quia
925 2905 1077 2971 instituta
1110 2908 1193 2970 eunt
1229 2902 1269 2966 ad

249 2992 353 3060 vitam
376 2995 590 3079 spirituatem,
614 3015 699 3082 quae
721 2999 771 3062 est
792 2996 969 3062 conformis
987 2995 1076 3060 vitae
1093 2991 1271 3077 carpereti.

249 3081 263 3108 ¹
284 3083 457 3152 Peccatum
481 3087 611 3156 veniale
633 3086 762 3153 tollitur
785 3103 845 3170 per
859 3081 1110 3152 sacramentalia
1124 3083 1200 3150 sine
1216 3080 1272 3146 Sa·

252 3178 433 3242 crementa.

228 3259 297 3330 Art.
321 3263 352 3330 2.
376 3263 426 3334 Aa
449 3264 646 3336 Sacramenta
669 3265 808 3334 ardtaate
829 3272 1038 3336 numerantur.
1057 3263 1093 3348 rt·
1110 3260 1177 3341 sic,
1193 3259 1269 3346 (1⁰5³

250 3353 297 3419 sic
319 3359 541 3425 communiter
564 3375 677 3424 amnes
699 3356 868 3424 ordinent.
904 3355 1104 3440 Baptismus,
1140 3351 1271 3420 Cantic-

251 3444 361 3524 matic‚
386 3445 597 3526 Eucharistiae,
620 3445 835 3528 Paenitentia,
859 3445 1012 3514 Extrema
1027 3442 1153 3524 unctio,
1169 3439 1269 3522 Orda,

250 3537 285 3599 et
308 3533 563 3604 Matrimonium.

228 3619 298 3690 Art.
320 3621 352 3692 3.
375 3623 426 3693 Aa
447 3634 670 3696 sacamentum
691 3625 905 3696 Eucharistiae
925 3626 1173 3712 camuranam
1189 3623 1269 3692 tator
