2652 4198
471 119 549 186 arur
574 129 722 185 rnaars.
1014 97 1078 179 rat
1149 85 1157 108 ²

20 278 24 303 ³
67 264 157 334 baua.
187 269 231 354 rt.
264 268 320 336 Ad
343 269 566 354 imperfectam
589 273 690 356 hujus
713 270 791 336 vitae
813 268 859 336 sie
883 268 1122 336 instrumenta·

18 366 24 409 ι
65 357 162 436 titer;
192 359 238 424 in
270 360 358 426 eoeia
381 381 459 428 naa.
528 442 531 448 ¹

43 443 110 513 Art.
136 447 174 514 8.
206 448 271 516 Aa
303 454 338 517 r'u
368 451 552 519 beatitudine
581 454 760 536 requiratur
789 452 916 518 sacietas
943 447 1119 516 amicarum.

65 539 99 602 ri.
125 536 167 605 ln
198 540 300 606 easta
325 560 404 621 nan,
420 541 496 626 qaia
512 542 633 608 suitieit
657 542 753 620 Deus,
779 541 842 608 nisi
866 541 908 607 ad
933 541 1019 606 bene
1038 557 1133 648 esse..
1234 576 1242 590 ·

478 719 658 806 Qaasrto
681 719 716 790 V.

129 904 243 969 De
270 905 597 986 adeptione
621 899 1036 970 beatitudinis

41 1079 111 1149 Art.
140 1081 176 1149 i.
207 1083 264 1150 Au
293 1086 380 1151 tama
408 1085 508 1167 parsit
537 1085 679 1166 causaque·
713 1079 938 1149 beatitudiuem.
975 1078 1010 1162 rt.
1030 1073 1115 1155 βία,

62 1173 148 1253 quie
176 1178 238 1239 est
261 1191 367 1257 capax
391 1172 527 1257 perfecti
551 1173 639 1252 bani,
663 1191 720 1239 seu
744 1171 880 1238 visionis
902 1167 1039 1236 divinae.

42 1259 111 1326 Art.
139 1261 178 1329 2.
209 1261 264 1329 Aa
288 1283 368 1331 aura
390 1266 476 1331 aerae
497 1266 596 1347 porra
616 1283 676 1331 esse
700 1262 815 1330 teatiar
838 1261 945 1328 attera.
977 1259 1012 1340 rt.
1043 1253 1113 1334 Sia,

65 1351 298 1420 beatitudine
320 1371 397 1438 qao,
421 1373 489 1421 nan
513 1355 613 1440 quad,
637 1353 715 1438 qaia
738 1351 841 1438 magis
864 1350 996 1417 iraitur.

45 1439 115 1505 Art.
143 1442 182 1510 3.
213 1443 265 1510 Aa
290 1445 403 1527 atiquts
426 1447 461 1510 tu
483 1445 539 1511 tau
560 1447 626 1510 utta
645 1445 743 1529 pauit
764 1461 825 1510 erse
849 1441 959 1509 beatus.
986 1441 1020 1521 rt.
1037 1438 1113 1504 Per·

67 1536 123 1596 ete
163 1552 262 1611 non,
298 1535 375 1620 quia
410 1554 478 1600 non
515 1536 621 1618 petest
651 1533 752 1600 vitari
780 1551 882 1600 amne
905 1530 1039 1596 maiam.
1067 1527 1113 1593 Ex

69 1625 183 1702 purte·
212 1623 419 1703 intellectas,
450 1624 653 1709 ignorantia
682 1622 883 1702 voluntatis,
914 1619 1113 1687 inordinatae

71 1709 296 1793 afiwttanes3
320 1712 478 1796 eorporis,
502 1714 720 1797 poenatitates.

51 1797 121 1868 Art.
149 1801 186 1871 4.
214 1801 265 1870 Au
289 1802 441 1871 beatitudo
464 1804 568 1872 tutata
581 1805 806 1888 perarantur.
823 1803 859 1885 rt.
875 1799 1022 1866 Perfecta
1039 1797 1113 1864 eoeti

75 1909 168 1971 nan,
207 1894 290 1978 quia
324 1892 470 1962 excludit
500 1913 598 1962 amne
627 1894 766 1974 rnatum,
796 1893 831 1959 id
859 1895 924 1971 est,
960 1889 1112 1954 timorem

76 1983 264 2062 perdendi.
473 1986 482 2004 ⁰

75 2069 89 2098 ²
113 2071 282 2142 Voluntas
304 2072 391 2140 uirus
416 2076 517 2143 finem
541 2076 696 2150 ultiman
720 2091 790 2142 nan
807 2075 859 2138 est
873 2070 917 2138 ad
932 2067 1109 2136 eontraria.

78 2159 196 2248 tuque
220 2167 269 2231 est
293 2165 475 2232 neeessnia
499 2167 608 2233 volite.
640 2167 721 2234 item
745 2161 914 2233 beatitudo
938 2162 1028 2227 earet
1045 2158 1112 2223 fine

77 2271 120 2316 ex
147 2257 245 2334 parte
270 2254 470 2338 participati.

58 2341 126 2409 Art.
152 2343 185 2410 5.
198 2343 262 2419 ,Aa
285 2353 372 2412 tama
393 2362 448 2430 per
469 2367 525 2416 aaa
547 2341 706 2415 aataratia
725 2347 825 2432 parsit
845 2345 1003 2428 aeautrere
1019 2340 1109 2406 teati-

79 2433 230 2501 tuar‘aem.
257 2437 291 2518 rt.
316 2431 398 2513 Nan,¹
419 2439 497 2521 qaia
521 2438 652 2505 excedit
676 2436 838 2520 potentias
858 2431 1034 2508 naturales,
1052 2430 1110 2495 sed

80 2523 208 2590 auxilio
233 2523 292 2589 Dei
316 2530 432 2608 petest.

1 2677 2 2684 ,
60 2611 125 2680 Art.
147 2612 182 2681 6.
209 2613 260 2680 Aa
282 2617 368 2682 tama
400 2623 601 2700 aauarauatar
630 2615 846 2684 beatitudiuem
873 2631 928 2698 per
962 2612 1110 2713 aettauera

81 2704 216 2788 alieuius
238 2713 386 2774 creature
406 2709 583 2790 superioris.
609 2707 849 2792 aspamam
873 2699 1110 2802 nan,sed[te13

80 2793 156 2878 qaia
180 2794 355 2863 beatitudo
378 2795 509 2864 exaudit
532 2801 688 2866 natarum
712 2801 868 2865 creatam.
894 2793 975 2860 item
994 2789 1108 2874 Angelr

77 2885 201 2965 juvant
225 2883 448 2969 praecedentia
472 2889 514 2954 ad
539 2888 694 2956 ultimum
717 2889 831 2954 finem.

63 2973 125 3043 Art.
148 2975 182 3041 7.
209 2975 260 3042 Aa
282 2979 483 3060 requirautar
506 2980 611 3064 atique
633 2997 724 3065 opera
747 2978 841 3057 teau,
867 2981 906 3043 ut
931 2975 1017 3041 tama
1041 2989 1111 3038 eau-
1168 2987 1170 2992 ·

81 3071 227 3150 sequatur
243 3065 459 3136 beatitudiuem
475 3089 494 3136 a
508 3069 584 3138 Dea.
602 3071 637 3152 rt.
653 3069 716 3152 Sie,
732 3068 831 3135 debet
847 3084 907 3151 per
923 3069 1052 3130 motum
1068 3062 1111 3165 ad

79 3156 226 3234 esurire,
244 3157 323 3241 quia
338 3177 407 3225 nan
425 3162 472 3224 est
488 3161 659 3239 naturalis,
683 3165 719 3224 et
740 3159 802 3224 hae
824 3157 861 3223 in
885 3153 1017 3232 adultis,
1032 3170 1110 3237 qula

1 3261 5 3294 2
82 3243 164 3312 [tens
190 3249 299 3330 petest
321 3246 419 3315 simut
444 3249 550 3315 iuuere
574 3250 781 3316 veluntatem
807 3250 954 3326 reatem,
978 3248 1012 3310 et
1034 3260 1108 3309 eam

81 3335 139 3402 sibi
164 3335 297 3414 venire,
322 3343 358 3402 ut
381 3337 493 3405 anima
516 3337 646 3417 Christi,
670 3344 703 3406 et
719 3335 753 3404 in
779 3337 889 3422 pueris
913 3355 955 3426 ea
979 3333 1108 3398 meritis

63 3421 188 3504 Christi,
212 3430 257 3490 et·
270 3428 333 3492 hae
356 3427 435 3514 qaia
457 3429 504 3496 sie
526 3429 614 3496 Deus
629 3429 810 3507 ordinavit,
827 3431 860 3493 et
876 3421 1105 3524 est-decentia.

64 3513 122 3582 Art.
146 3515 181 3582 8.
206 3515 257 3582 Au
280 3519 380 3584 aurata
402 3522 489 3585 tauta
514 3522 639 3603 appetat
661 3515 888 3588 aaauaruu.
914 3515 949 3597 rt.
973 3512 1013 3578 Ut
1028 3511 1110 3614 irari

84 3605 210 3671 bonum
246 3607 429 3690 perustum
464 3605 498 3674 in
534 3609 708 3677 communi
730 3610 794 3689 sie,
817 3609 875 3674 sed
898 3605 934 3670 ia
958 3598 1108 3687 speeteir,

83 3692 114 3761 it
136 3698 196 3774 est,
222 3695 258 3761 in
274 3694 410 3781 'eruant
432 3698 578 3777 sit,·rtan
594 3707 717 3766 annes
739 3699 912 3783 appetant,
936 3693 1014 3777 qnia
1037 3708 1107 3756 nan

88 3789 302 3872 aegrescunt,
314 3786 370 3856 eui
384 3789 569 3874 applicetur
586 3791 669 3859 ratio
684 3787 870 3859 eommunis
883 3780 1107 3874 beatitudinis·
