2636 4202
260 87 303 156 st
576 99 621 150 ιιι
644 97 757 152 Perus
781 96 897 151 Ριιιι

236 224 318 292 item
352 223 503 291 notiones
536 218 572 286 in
603 217 726 285 divinis
755 221 835 284 suut
857 217 976 299 reales,
998 219 1057 286 scd
1080 222 1273 304 ponuntur

236 333 305 382 non
340 316 378 380 ut
410 330 479 391 res,
512 309 570 376 sed
606 312 642 373 ut
675 307 836 387 rationes,
865 309 985 394 quibus
1007 311 1272 395 cognoscuntur

237 423 397 489 persouae
420 401 501 468 item
523 396 749 479 condicitur,
776 397 1175 480 Paternitascreat,sed,
1202 399 1273 467 Pa·

238 494 375 561 tennitas
405 495 453 560 est
483 493 624 571 eterna,
651 491 685 552 et
715 491 850 594 propter
879 488 1090 558 identitatem
1112 488 1270 568 dicitur,

237 583 420 651 paternitas
443 585 492 648 est
513 577 610 646 licus.
717 605 722 608 ·

192 673 283 747 Art.
308 673 338 742 3.
361 671 412 740 Aa
432 674 510 740 siut
520 671 651 755 quicque
673 669 823 737 cotiones.
853 671 888 751 ιι
912 668 978 750 Sic,
1002 667 1271 751 innascibilitas,

237 763 430 841 Paternus,
455 759 592 838 Filimio,
615 760 802 828 eommunis
821 757 969 844 spiratio,
988 760 1161 843 processio,
1177 759 1271 846 quia

238 853 330 920 notio
352 857 401 918 est
423 849 557 936 propria
580 848 665 914 ratio
686 847 907 954 cognoscendi
931 867 1086 933 personas
1112 849 1269 928 divinas,

236 957 311 1028 quoe
340 943 561 1009 attenduntur
587 939 770 1005 secundum
800 938 980 1023 originem,
1010 941 1043 1003 et
1071 939 1270 1008 secuudum

238 1033 366 1111 modos,
399 1049 513 1116 aquo
543 1026 641 1107 alius,
672 1026 789 1112 etqui
812 1031 856 1096 ab
878 1028 942 1095 aiio
965 1029 1131 1113 procedit,
1153 1033 1188 1096 et
1214 1029 1270 1096 sic

237 1126 388 1208 respectu
410 1119 527 1198 Patris,
549 1118 609 1203 qul
631 1122 679 1184 est
701 1137 720 1184 a
744 1119 846 1197 nulio,
869 1122 918 1184 est
940 1118 1196 1202 innascibilitss3
1225 1123 1269 1186 ut

237 1212 320 1278 alius
342 1214 391 1278 est
413 1211 457 1278 ιιι
478 1208 552 1288 alic,
577 1207 648 1273 Filii
671 1209 850 1292 generatio,
873 1207 1015 1293 Spiritus
1036 1206 1149 1278 Sancti
1167 1227 1268 1277 com·

238 1299 348 1368 munis
370 1299 516 1384 spiratio,
539 1301 572 1364 et
593 1297 734 1382 Spiritus
756 1295 866 1365 Sancti
886 1297 1058 1382 processio,
1075 1301 1108 1364 et
1122 1296 1170 1366 sic
1184 1317 1264 1368 non

237 1394 286 1457 est
308 1410 368 1474 par
391 1389 475 1455 ratio
498 1389 541 1454 de
565 1388 795 1457 relationibus·
820 1387 898 1454 nam
917 1386 1165 1467 innascibilitas,
1185 1395 1264 1456 non

237 1485 287 1546 est
309 1480 408 1559 ratio,
432 1477 489 1544 sed
512 1477 661 1562 negatio,
683 1480 718 1543 et
739 1477 786 1544 sic
809 1479 952 1564 quatuor
980 1477 1155 1546 relationes
1177 1479 1267 1548 sunt

237 1573 381 1655 quatuor
417 1567 648 1652 proprietates,
687 1568 822 1651 dempta
855 1567 1025 1634 communi
1058 1567 1266 1652 spiratione,

238 1679 312 1744 quae
345 1676 415 1726 nou
450 1654 607 1724 convenit
641 1655 699 1722 uni
734 1675 900 1741 persone,
930 1661 964 1723 et
992 1661 1059 1726 tres
1080 1662 1160 1726 sunt
1184 1679 1265 1745 pro·

237 1748 393 1830 prietates
415 1746 602 1832 personales
623 1745 861 1815 constituentes
885 1765 1050 1830 personas

238 1839 359 1904 licus
382 1858 450 1907 non
475 1840 581 1922 potest
603 1835 670 1903 dici
692 1835 845 1922 quintus,
866 1835 952 1903 sicut
975 1841 1008 1903 et
1031 1836 1154 1919 trinus,
1178 1841 1265 1924 quia

237 1929 388 1996 notiones
412 1947 479 1995 non
502 1925 691 2012 significant
714 1929 836 2006 utres,
859 1926 918 1994 sed
942 1930 980 1994 ut
1001 1927 1156 1996 rationes.
1173 1927 1263 1998 item

237 2021 348 2101 piures
371 2017 587 2103 proprietates
611 2015 710 2082 unius
733 2035 881 2099 personae
905 2017 1158 2086 condiderunt
1185 2037 1265 2088 rea·

236 2108 323 2190 liter,
347 2107 425 2193 qula
447 2106 515 2172 sola
537 2103 697 2189 oppositio
720 2105 798 2172 iacit
821 2105 1066 2175 distinctionem
1090 2109 1227 2176 realem.

214 2196 283 2266 Art
306 2197 339 2265 ll
362 2193 411 2263 Ac
435 2196 527 2262 liccat
546 2195 670 2279 opinari
691 2197 847 2262 corctrorr’c
868 2195 904 2264 dc
926 2195 1111 2266 cetionides.
1142 2200 1179 2283 ιι.
1207 2199 1264 2268 Li·

236 2291 298 2368 cet,
320 2286 348 2352 si
370 2284 453 2353 nihil
476 2288 593 2350 contra
615 2283 714 2350 tidem
737 2289 905 2371 sequatur,
927 2286 1005 2372 quia
1028 2288 1180 2356 notiones
1205 2291 1263 2358 di-

236 2382 327 2444 recte
360 2393 428 2442 uon
463 2373 633 2458 portinent
671 2374 713 2441 ad
747 2376 864 2456 linem,
894 2395 956 2445 nec
984 2376 1110 2464 aliquid
1139 2381 1190 2446 est
1213 2383 1262 2450 ab

237 2464 374 2534 Ecclesia
396 2462 666 2533 determinatum.

562 2642 750 2727 QUAES'ilO
773 2643 908 2715 XXXlli.

406 2829 497 2895 De
522 2787 1058 2896 Persona'Patrts.

210 3007 277 3078 Art.
303 3006 333 3076 i.
357 3007 405 3076 Αιι
428 3013 577 3090 competat
596 3007 686 3074 Patri
708 3025 767 3074 ceso
788 3009 988 3092 principium.
1017 3010 1064 3094 ιι,
1080 3006 1147 3088 Sic,
1175 3011 1256 3096 quia

232 3099 370 3164 al‘atre
393 3097 542 3182 procedit
564 3096 663 3176 alius,
687 3100 720 3162 et
743 3100 791 3164 est
815 3097 1017 3182 principium
1049 3097 1147 3166 totius
1174 3099 1254 3167 Dei·

233 3187 324 3264 tatis,
355 3191 391 3254 et
417 3205 538 3254 nomeu
564 3184 769 3291 Principium
791 3184 828 3253 in
850 3185 974 3256 divinis
996 3206 1065 3257 nou
1087 3187 1255 3274 siguificat

233 3275 448 3362 prioritatem,
472 3276 531 3343 sed
553 3275 727 3360 originem

232 3365 371 3432 Greci
394 3366 625 3434 indifferenter
648 3368 791 3434 utuntur
814 3366 951 3436 nominc
972 3386 1088 3446 cause,
1108 3372 1143 3434 et
1157 3369 1255 3454 prin-

227 3455 314 3539 cipii,
336 3457 395 3522 sod
419 3455 524 3522 latini
548 3457 678 3522 ιιιιιιιι
702 3453 867 3540 principii,
894 3457 973 3543 quia
995 3459 1191 3540 communis,
1217 3465 1253 3527 et

229 3545 307 3629 quia
328 3563 426 3614 causa
450 3545 583 3612 videtur
605 3543 716 3612 dicere
737 3544 964 3614 diversitatem
985 3550 1190 3628 substantio,
1215 3554 1251 3616 ct

229 3635 395 3721 dependet
421 3653 489 3704 una
519 3637 562 3702 ab
588 3633 701 3703 altera.
732 3633 812 3703 item
834 3634 931 3705 Pater
952 3640 1001 3704 est
1024 3637 1246 3726 principium,
