2604 4210
415 117 489 167 nrvr
513 115 659 167 ruouAE.
943 99 1005 168 sor

36 249 88 312 vet
121 248 198 333 quia
225 249 289 314 fuit
318 251 494 332 deputatus
522 271 541 316 a
569 249 637 317 Deo
667 254 704 317 ut
727 250 783 318 sio.
816 250 897 316 item
926 253 1054 318 donum

35 338 152 421 gratiae
175 338 283 404 elevat
305 338 472 404 hominem
497 340 539 405 ad
562 340 686 425 aliquid
709 341 977 424 supranaturate,
1000 341 1054 406 vet

36 430 201 510 quantum
230 429 272 493 ad
300 429 518 495 substantiam
541 433 648 508 aetus,
673 433 711 495 ut
740 432 847 495 tacere
876 429 1053 510 miracuta,

35 536 235 600 cognoscere
266 518 404 598 occulta,
427 523 460 582 et
482 520 524 584 ad
547 520 609 584 hoo
633 539 700 585 uon
724 520 824 584 datur
845 519 973 585 donum
997 520 1063 604 ha·¹

36 605 161 671 hituale
183 606 314 692 gratiae3
339 607 391 672 vel
416 613 576 692 quantum
603 609 646 673 ad
669 608 806 674 modum
828 613 929 688 aetus,
946 612 984 675 ut
1006 609 1057 675 di·

36 694 140 778 ligere
162 695 278 776 Deum,
295 700 327 761 et
343 699 385 762 ad
407 698 470 762 hoo
493 699 592 763 datur
607 699 733 764 donum
752 696 916 764 habituate
929 699 1058 782 gratiae.

18 782 83 851 Art.
100 785 133 852 3.
156 785 206 852 dn
224 789 386 870 prophetia
406 789 451 853 sit
479 789 576 854 sotum
598 789 773 871 futororum
802 789 1054 871 oootiopeottom.

39 877 74 958 ιι.
99 875 152 942 Sio
175 877 319 958 proprie,
342 875 419 960 quia
442 877 541 960 longe
563 877 686 943 distant
708 879 751 942 ab
773 878 919 942 humana
942 879 1055 962 cogni-

37 964 140 1044 tione,
162 967 222 1032 sed
242 965 439 1030 secundario
471 967 514 1032 ad
537 985 609 1032 eam
633 966 802 1049 pertinent
831 967 999 1050 praeterita
1022 970 1055 1032 et

39 1055 232 1136 praesentia,
257 1059 295 1120 ut
317 1055 438 1140 Moyses
471 1055 600 1139 scripsit
633 1055 835 1122 creationem
869 1055 998 1136 mundi,
1021 1059 1056 1122 et

40 1143 141 1230 aliqui
163 1144 282 1210 vident
303 1144 516 1228 cogitationes
538 1145 648 1211 oordis
664 1151 851 1231 praesentes.

22 1230 83 1300 Art.
107 1233 140 1301 t.
163 1231 213 1302 Ao
232 1237 379 1318 proptera
409 1254 465 1320 per
497 1235 710 1304 revelationem
744 1241 905 1319 oopnoaoot
934 1237 1055 1320 emoto,

42 1344 104 1408 quo
125 1327 301 1409 prophetice
323 1326 462 1410 oopnosor'
481 1333 619 1410 preeunt.
644 1328 678 1410 ιι.
702 1326 784 1405 Non,
798 1326 857 1392 sed
871 1327 1058 1393 seeundum

42 1415 275 1482 revelationem
310 1415 483 1498 speoiatem
517 1415 631 1498 huius,
654 1416 707 1480 vet
742 1412 845 1495 illiue,
875 1415 952 1501 quia
982 1435 1056 1502 quae

42 1505 231 1588 prophetice
260 1503 375 1570 divino
393 1504 519 1570 lumine
547 1510 792 1590 cognoscuntur
813 1509 893 1572 sunt
915 1504 1055 1585 diversa,

44 1598 73 1658 et
96 1595 287 1678 pendente
311 1594 417 1679 prima
442 1593 595 1674 veritate,
621 1615 682 1661 neo
705 1595 794 1661 inter
815 1614 850 1661 se
873 1595 1055 1663 necessario

41 1703 200 1752 connexa.

24 1772 80 1839 Art.
103 1775 137 1841 5.
159 1773 210 1840 An
230 1776 376 1857 proptera
402 1793 518 1856 semper
542 1773 790 1858 discernatque
814 1773 897 1839 dicet
920 1793 977 1858 por
998 1777 1057 1859 api·

39 1867 131 1930 ritum
151 1866 323 1948 proprium,
348 1873 378 1929 et
400 1865 475 1947 quid
492 1883 547 1948 per
568 1867 713 1946 spiritum
733 1865 909 1948 proportio.
926 1864 961 1948 ιι.
979 1864 1055 1929 Pro·

41 1956 142 2034 phetae
167 1973 260 2018 mens
291 1953 467 2038 aliquando
498 1955 675 2020 instruitur
698 1972 758 2035 per
787 1973 973 2036 expressam
1005 1971 1056 2019 re·

39 2044 244 2122 relationem,
268 2047 301 2108 et
332 2047 413 2110 tuno
447 2043 625 2108 certissime
650 2044 749 2109 habet
770 2045 859 2126 quod
886 2045 954 2108 haeo
977 2047 1056 2108 sunt

40 2132 65 2195 ei
85 2131 249 2198 divinitus
273 2134 429 2211 revelata;
446 2132 624 2217 aliquando
648 2151 707 2215 per
730 2133 906 2216 quemdam
935 2131 1056 2198 instin-

39 2225 142 2304 ctum,
163 2241 263 2304 quem
288 2224 432 2287 humana
456 2240 549 2287 mens
573 2222 721 2287 nesciens
745 2222 885 2304 patitur,
918 2227 950 2288 et
974 2228 1055 2288 tuno

41 2311 214 2397 aliquando
238 2312 342 2376 nesoit
365 2311 553 2377 disoernere
568 2330 611 2376 an
636 2312 706 2376 haeo
728 2312 922 2396 cogitaverit
938 2311 1056 2377 instin-

43 2405 91 2466 otu
114 2401 244 2478 divino,
268 2401 320 2466 vel
343 2400 461 2484 spiritu
486 2399 631 2484 proprio.

26 2485 80 2557 Art.
103 2491 136 2558 6.
160 2489 210 2558 Ao
233 2509 267 2557 eo
290 2509 354 2573 quoe
380 2493 553 2574 prophetice
582 2496 806 2573 eopoosoootor
838 2489 885 2556 oet
910 2488 1057 2556 diruetur

41 2584 153 2660 possint
174 2599 236 2645 erro
269 2581 357 2663 soleo.
384 2581 419 2664 ιι.
442 2581 530 2660 Non,
553 2580 631 2665 quia
665 2579 786 2645 veritas
809 2577 924 2644 divina
952 2577 1056 2663 inspi-

44 2673 142 2737 rando
162 2688 276 2735 errare
299 2690 367 2734 non
385 2673 505 2752 potest;
523 2690 585 2735 neo
601 2668 777 2734 immobilis
792 2667 955 2734 certitudo
973 2687 1056 2751 prae·

43 2759 182 2826 scientiae
197 2758 321 2824 divinae
345 2761 395 2824 vet
413 2760 594 2841 prophetiae
607 2758 753 2824 excludit
768 2758 957 2830 futurorum
974 2777 1055 2822 oon·

45 2847 247 2934 tingentiam,
271 2849 348 2932 quia
382 2849 488 2914 fertur
511 2847 546 2913 in
571 2869 624 2927 ea,
649 2851 687 2912 ut
708 2851 788 2912 sunt
818 2845 993 2930 praesentia
1023 2850 1058 2912 et

44 2935 99 3002 iam
125 2937 363 3015 determinata;
387 2938 414 3004 si
438 2957 517 3004 vero
541 2939 614 3021 quis
643 2938 819 3020 prophetat
848 2939 948 3020 prout
971 2936 1057 3002 Deus

44 3027 204 3111 cognoscit
238 3027 391 3093 ordinem
420 3045 592 3093 causarum
626 3028 670 3092 ad
703 3025 850 3104 effeetus,
882 3029 963 3092 tuno
998 3026 1056 3091 ati-

44 3117 170 3196 quando
193 3117 288 3183 aliter
310 3117 423 3183 evenit
437 3135 535 3200 quam
552 3117 741 3199 prophetat;
757 3134 825 3181 non
850 3120 960 3182 tamen
980 3116 1057 3181 sub·

44 3210 83 3270 est
103 3208 234 3284 salsum,
258 3205 334 3292 quia
362 3225 476 3272 sensus
492 3205 673 3289 prophetie
700 3207 759 3284 est,
778 3206 867 3289 quod
882 3206 964 3274 ordo
979 3224 1057 3270 oau-

46 3313 148 3361 sarum
172 3297 366 3373 nonhabet,
392 3302 428 3360 ut
451 3295 680 3361 tatis-effeetus
699 3295 842 3374 eveniat,
865 3295 911 3360 sio
934 3292 1055 3358 inteili-

47 3384 125 3464 gitnr
161 3385 253 3464 ittud,
277 3385 439 3462 Moriens,
463 3389 495 3450 et
531 3404 598 3451 non
634 3385 745 3468 vives,
768 3382 863 3463 idest,
887 3381 1057 3465 dispositio

47 3473 85 3539 tui
107 3476 257 3559 eorporis
279 3476 322 3540 ad
346 3478 485 3540 mortem
510 3473 694 3553 ordinatur,
719 3479 752 3540 et
774 3473 869 3551 illud,
888 3472 962 3537 Post
978 3491 1058 3554 qua·

48 3561 191 3650 draginta
223 3564 292 3631 dies
314 3563 432 3630 Ninive
454 3565 676 3643 subvertetur,
702 3565 736 3630 id
760 3566 808 3628 est
831 3564 893 3627 hoo
918 3561 1075 3646 exigunt

47 3652 277 3739 supernata,
308 3657 346 3720 ut
379 3653 602 3722 subvertatur.
626 3653 706 3720 item
741 3651 974 3736 prophetatum
1009 3651 1057 3714 est
