2622 4210
426 79 505 132 auu
529 73 675 130 aucum.
967 61 1033 130 309

54 215 68 244 *
94 213 193 280 Fictio
219 235 293 298 quae
317 214 440 299 aliquid
463 215 642 300 signifieat,
675 233 742 280 non
776 218 823 280 εει
847 215 1076 292 mendacium,

54 307 93 368 ut
115 303 263 370 Christus
286 305 385 370 linxit
407 325 441 371 εε
464 305 593 389 longius
616 305 681 380 ire,
711 305 769 370 sed
791 306 818 369 si
843 305 925 370 nihil
949 304 1075 388 signifi-

52 397 108 457 cat
128 397 177 458 εει
202 394 424 458 mendacium.

31 481 100 550 Art.
122 483 155 549 2.
178 481 228 548 An
251 485 421 565 hypocrisis
446 488 490 549 sit
518 483 594 548 idom
621 485 700 566 qood
731 485 898 550 simulatio.
935 486 969 568 rt.
1005 482 1074 558 Sic,

53 574 189 656 quando
207 579 358 656 peccator
373 574 507 638 simulat
522 591 695 656 personam
708 574 800 658 justi,
812 575 870 640 sed
883 593 952 638 non
965 574 1072 638 omnis

51 662 219 727 simulatio
242 666 291 726 est
315 663 505 746 hypocrisis.

51 753 63 778 ¹
89 750 154 834 Qui
178 750 214 816 in
237 751 372 817 servitio
396 752 454 817 Dei
477 754 564 818 hona
588 772 687 835 opera
711 751 805 830 tacit,
832 755 865 816 ει
894 771 961 817 non
986 771 1076 835 quae·

53 840 98 904 rit
121 840 208 917 Deo,
230 842 288 907 sed
312 841 501 908 hominihus
530 845 674 925 placere,
707 847 754 906 est
785 841 974 924 hypocrita,
1006 861 1073 906 non

52 930 143 1014 quod
174 930 307 995 simulet
335 949 417 1013 opus
449 933 591 1009 honum,
614 933 671 996 sed
696 929 917 996 intentionem
940 934 1074 996 rectam.

53 1019 144 1098 ltem,
168 1021 227 1105 qui
250 1018 401 1085 habiturn
425 1020 591 1104 religionis
607 1020 709 1084 sumit
725 1025 762 1085 ιιι
777 1039 810 1084 εε
822 1022 949 1104 justum
966 1023 1075 1085 osten·

52 1111 121 1190 dat,
145 1115 193 1174 est
219 1107 398 1192 hypocrita,
422 1111 480 1176 sed
502 1110 529 1174 si
553 1109 699 1175 intendit
713 1112 835 1174 statum
852 1109 1074 1192 perfectionis,

54 1203 85 1262 ει
108 1218 169 1282 per
193 1198 421 1264 infirmitatem
448 1198 576 1278 delicit,
612 1219 680 1264 non
711 1204 759 1265 εει
794 1201 981 1283 hypocrita,
1014 1219 1076 1264 nec

54 1291 188 1353 tenetur
217 1288 427 1355 manifestare
454 1307 552 1354 suum
582 1293 752 1373 peccatum
784 1289 982 1372 deponendo
1018 1292 1076 1354 ha·

54 1378 170 1442 hitum.

34 1465 96 1534 hrt.
121 1467 152 1534 3.
177 1466 228 1532 An
252 1469 420 1550 hypocrisis
443 1475 613 1552 opponatur
635 1471 747 1533 virtuti
770 1470 921 1534 veritatis.
948 1470 981 1552 rt.
1006 1467 1076 1548 Sic,

54 1577 92 1622 cx
127 1559 273 1642 objecto,
307 1558 386 1641 quia
420 1559 553 1623 exhibet
586 1578 621 1622 se
651 1559 749 1622 talem
774 1558 842 1622 vita
865 1564 899 1623 et
922 1578 1074 1623 sermone

54 1647 156 1730 qualis
181 1667 251 1712 non
274 1653 332 1712 est.

55 1735 276 1821 'Hypocrisis
298 1736 478 1820 opponitur
503 1736 721 1820 simplicitati,
753 1755 828 1819 quae
860 1740 909 1802 est
936 1737 1076 1815 veritas,

55 1830 84 1890 ει
107 1846 177 1893 non
202 1827 349 1893 intendit
371 1827 406 1890 in
430 1826 578 1907 diversa,
603 1831 637 1892 et
659 1826 781 1894 veritas
805 1829 854 1890 est
877 1826 1011 1910 quando
1033 1827 1076 1892 si·
1206 1828 1208 1833 ’

56 1936 115 1998 gna
139 1916 346 1982 concordant
368 1914 516 1998 signatis.

43 2005 97 2074 hrt
121 2007 153 2074 l.
178 2005 229 2073 Aa
252 2008 420 2089 hypocrisis
442 2024 556 2089 semper
578 2009 623 2071 sit
641 2015 796 2089 peccatum
818 2007 957 2072 mortale.
982 2008 1018 2090 ri.
1041 2005 1074 2071 Si

56 2115 119 2161 non
144 2099 241 2162 curat
266 2097 385 2161 habere
408 2098 626 2175 sanctitatem,
649 2099 803 2162 sedeam
828 2097 989 2172 excludit,
1013 2095 1076 2174 sic,

56 2185 176 2263 idest,
202 2187 229 2250 εἰ
253 2189 300 2250 εει
324 2188 440 2251 contra
464 2186 657 2251 charitatem
681 2186 757 2264 Dei,
781 2188 834 2251 vel
858 2185 1002 2269 proximi
1027 2191 1075 2251 εει

56 2277 202 2352 mortale,
225 2294 326 2353 secus,
351 2278 399 2339 est
422 2275 560 2354 veniale,
588 2275 664 2359 quia
688 2281 736 2340 est
759 2276 975 2343 mendacium
999 2293 1076 2357 ope-

57 2363 111 2442 ris,
135 2366 227 2449 quod
252 2384 320 2429 non
344 2383 475 2447 semper
502 2371 551 2430 est
580 2367 732 2443 mortale,
764 2365 850 2430 sicut
880 2385 942 2431 nec
966 2364 1075 2430 inanis

57 2454 155 2535 gloria
180 2458 229 2518 εει
251 2473 382 2536 semper
405 2456 554 2533 mortale,
578 2475 596 2519 a
620 2475 685 2538 qua
709 2456 858 2519 nascitur
882 2453 1075 2538 hypocrisis,

59 2563 114 2608 nec
147 2544 307 2629 quaelihet
341 2542 498 2630 perfectio
527 2544 710 2608 sanctitatis
739 2549 788 2609 εει
817 2546 859 2610 de
886 2543 1076 2610 necessitate

57 2633 179 2700 salutis.

409 2809 588 2894 consuo
612 2809 699 2878 oxu.

338 2993 428 3057 De
456 2977 765 3072 jactantia.

44 3165 98 3235 hrt.
122 3170 153 3238 l.
178 3167 228 3236 Aa
246 3170 400 3252 jootonto'o
430 3178 599 3254 opponatur
631 3175 744 3238 virtuti
777 3172 926 3238 veritatis.
958 3173 993 3255 rh.
1022 3171 1074 3236 Sic

63 3278 111 3337 per
134 3260 273 3325 modum
297 3279 462 3338 excessus,
494 3263 626 3344 quando
653 3263 726 3346 quis
756 3283 790 3326 se
816 3261 943 3326 extollit
973 3279 1073 3343 snpra

64 3347 100 3426 id,
122 3351 214 3433 quod
237 3353 285 3413 εει
310 3349 386 3432 ipsc.

48 3433 100 3504 hrt.
122 3440 155 3505 2.
180 3438 230 3505 Aa
247 3442 402 3521 jactantia
424 3441 467 3504 sit
485 3448 638 3523 peccatam
660 3443 797 3508 morteto.
830 3442 865 3524 li.
895 3438 1073 3517 lactantia,

65 3533 163 3595 otest
186 3528 408 3608 mendacium,
431 3528 459 3594 si
482 3536 530 3594 est
552 3536 667 3596 contra
689 3533 825 3616 gloriam
840 3529 910 3607 Dei,
927 3528 979 3594 vel
996 3531 1074 3593 cha·

64 3617 186 3686 ritatem
211 3618 364 3702 proximi,
387 3623 436 3685 εει
459 3624 628 3703 peccatum
653 3623 804 3702 mortale,
827 3638 919 3686 secus
943 3622 992 3684 est
1015 3636 1071 3683 ve·
