2604 4210
424 134 502 196 orm
527 135 677 196 anona.
954 119 1028 198 ut·

36 297 229 382 propriam,
263 300 302 362 ut
324 295 472 380 operatio
505 316 604 364 serrae
642 299 828 364 secundum
850 299 991 365 icrmam
1016 303 1065 367 est

35 387 252 466 incisiones
276 387 421 469 pertinet
443 387 486 452 ad
509 391 718 464 moventem,
742 391 780 454 ut
804 387 1064 457 instrumentum

35 488 103 557 est,
128 477 236 542 lacere
258 495 443 552 scamnum,
466 478 523 542 scd
547 497 614 542 una
637 475 821 567 utriusque,
844 477 891 544 sic
914 479 949 545 in
973 477 1066 546 Chri·

36 571 100 632 sto.
124 565 206 632 ilem
229 565 377 650 operatio
401 569 449 632 est
471 565 670 650 hypostasim
703 567 760 632 sed
783 568 966 634 seeundum
1000 569 1066 635 ior·

36 674 137 734 mam,
162 675 182 722 a
203 675 269 739 qua
290 655 510 738 specificatur,
533 661 566 721 ot
588 653 635 722 sic
650 655 694 744 in
707 655 838 722 Christo
853 661 902 722 cst
917 677 985 722 una
1002 678 1064 724 nu·

38 766 131 812 mero
146 746 332 810 secundum
349 746 561 828 hypostasim,
574 743 745 828 multiplex
761 745 869 830 specie
880 748 1064 814 secundum

37 837 178 914 turmae,
200 839 238 898 ut
260 835 451 902 ambulatio.
476 834 555 900 ltcm
579 835 705 901 sanatio
729 837 847 920 leprosi
875 841 924 901 cst
947 836 1065 904 divina

38 923 203 1010 operatio,
237 924 408 990 contactus
432 929 481 990 est
505 925 680 1007 humanus,
704 925 762 990 sed
796 925 1003 992 conveniunt
1027 927 1064 994 in

40 1019 187 1098 operato,
211 1011 296 1079 idest
317 1019 446 1092 sanato,
471 1031 548 1080 cum
571 1009 872 1081 communicatione
894 1015 1040 1084 alterius

20 1103 84 1170 Art.
100 1104 133 1170 2.
149 1102 199 1170 Aa
214 1105 250 1168 in
270 1103 392 1171 Christo
407 1106 527 1188 faertm
539 1105 642 1189 plures
657 1105 846 1188 operationes
861 1107 1008 1172 samono.
1027 1107 1065 1188 il.

40 1191 195 1278 Operatio
219 1195 365 1260 humana
388 1200 436 1259 cst
459 1213 533 1278 quae
557 1195 706 1278 propellit
728 1213 748 1259 a
771 1192 898 1260 ratione
922 1213 982 1277 pcr
1005 1213 1064 1259 ro·

41 1283 219 1360 luntatem,
243 1288 276 1348 el
298 1282 345 1348 sic
368 1289 416 1348 est
440 1303 506 1348 una
530 1281 565 1348 in
589 1281 734 1361 Christo,
756 1282 843 1350 sieut
866 1287 900 1348 et
923 1285 958 1350 in
982 1303 1065 1368 quo·

40 1371 119 1438 lilict
155 1371 289 1438 homine
325 1392 426 1456 puro,
461 1391 535 1457 quac
559 1373 592 1439 in
618 1371 746 1439 Christo
780 1375 915 1458 regebat
949 1392 1064 1452 omnes

42 1467 149 1528 molus
181 1462 355 1527 sensitivos
378 1468 412 1528 et
435 1461 639 1528 irrationales
648 1483 657 1543 ;
682 1468 714 1528 et
743 1467 791 1528 est
814 1483 881 1529 uua
911 1467 1062 1548 respectu

43 1549 208 1635 principii,
226 1552 284 1617 sed
308 1551 480 1635 multiplex
504 1555 652 1634 respectu
676 1551 890 1620 obiectorum.

23 1639 83 1708 Art.
107 1641 141 1708 3.
166 1643 217 1706 An
239 1643 320 1708 octio
343 1644 477 1708 lromcnc
501 1641 618 1710 Cirristi
648 1643 786 1725 potuerit
807 1661 867 1708 csse
889 1639 950 1709 sili
971 1643 1065 1707 meri·

43 1734 130 1799 torio.
157 1732 191 1816 ii.
215 1729 330 1797 Omnis
347 1732 516 1814 perfectio,
531 1751 604 1815 quae
622 1751 689 1796 non
715 1731 837 1796 minuit
858 1731 929 1797 eius
950 1729 1063 1816 digni·

44 1825 142 1888 talem
166 1823 215 1885 cst
238 1822 391 1904 ponenda
415 1819 449 1886 iu
475 1819 613 1898 Christo,
628 1825 661 1886 et
677 1819 724 1885 sio
738 1817 885 1886 Christus
909 1839 968 1904 per
992 1839 1063 1884 me·

42 1909 141 1976 ritum
167 1910 282 1977 habuit
305 1911 349 1988 id,
373 1909 466 1976 cuius
489 1910 635 1976 carentia
652 1929 720 1976 non
738 1907 931 1991 praeiudicat
953 1905 1066 1992 digni·

43 2001 98 2065 lati
122 1999 206 2078 eiua,
222 2005 255 2065 et
276 2001 323 2064 sic
347 2000 469 2066 meruit
492 1998 630 2083 gloriam
653 1999 809 2083 corporis,
826 1999 1063 2075 ascensionem,

43 2088 301 2167 venerationem,
324 2091 382 2156 sed
407 2109 473 2156 non
499 2089 648 2176 gratiam,
669 2088 909 2156 beatitudinem
933 2087 1066 2165 animae,

45 2179 252 2246 divinitatem
276 2183 350 2257 etc,
375 2179 452 2264 quia
476 2177 649 2263 nunquam
673 2178 723 2246 his
745 2177 863 2245 caruit.
1009 2198 1012 2204 ·

46 2269 55 2290 ¹
77 2268 227 2337 Christus
251 2269 388 2347 meruit,
413 2273 451 2334 ut
474 2268 598 2348 viator,
631 2281 726 2335 'nuno
755 2287 824 2335 uon
848 2271 897 2335 est
919 2269 955 2334 iu
977 2271 1068 2334 statu

46 2357 206 2424 merendi.
230 2356 313 2424 llem
336 2356 561 2425 redundantia
595 2357 708 2443 glorias
732 2358 767 2424 in
791 2376 911 2443 corpus
933 2357 997 2423 luit
1018 2377 1069 2422 se-

46 2449 195 2515 cuudum
217 2449 471 2533 congruentiam
496 2447 701 2525 meritorum,
717 2447 784 2513 Deo
807 2447 853 2512 sic
876 2447 1067 2512 ordinante.

46 2535 125 2604 llem
162 2537 382 2604 manifestatio
405 2535 468 2602 luit
494 2537 722 2616 subrmerilo,
760 2537 839 2622 quia
860 2539 910 2602 est
940 2537 1067 2602 bonum

49 2625 176 2707 Christi,
199 2627 290 2712 quod
313 2629 413 2694 habet
435 2628 470 2693 in
496 2625 612 2693 nolitia
635 2627 785 2692 aliorum.

32 2713 89 2785 llrt.
114 2715 148 2784 4.
172 2713 224 2782 Ao
250 2715 394 2786 unates
415 2718 501 2784 otiis
522 2719 681 2784 mouerit.
704 2717 740 2801 ri.
762 2715 831 2795 Sic,
854 2714 931 2800 quia
954 2717 1068 2799 caput,

50 2813 79 2870 et
100 2826 164 2874 nos
187 2808 351 2886 membra,
376 2806 411 2872 in
434 2827 509 2893 quae
533 2807 659 2885 inlluit;
684 2811 717 2871 et
741 2809 779 2870 ut
803 2808 971 2890 peccatum
994 2804 1069 2872 lua

51 2893 81 2962 in
104 2913 234 2978 omues,
258 2911 326 2963 non
351 2901 390 2962 ut
410 2895 586 2982 singularis
609 2913 762 2980 persona.
