2604 4210
446 122 524 174 urrr
546 123 694 174 runnu.
977 107 1047 178 ’433

31 256 128 334 uis,
151 256 238 324 idest
260 256 446 324 instaurare
468 257 596 338 omniu,
630 278 706 345 quae
730 258 766 326 iu
789 259 880 326 cretis
904 263 937 326 et
961 280 1037 347 qun
1061 261 1096 329 in

51 347 164 414 terris
187 349 276 413 suut.

51 438 66 460 “
95 437 230 504 christo
252 437 331 503 duta
353 441 402 503 est
424 437 533 504 omnis
556 441 700 524 potestus
731 438 860 505 ratione
884 438 1040 516 unionis,
1064 443 1098 508 et

49 525 110 592 sie
131 531 206 592 erat
229 528 329 592 homo
351 527 578 611 omnipotens,
602 527 699 594 utin
724 529 979 598 resurrectione.
1016 529 1097 596 item

49 615 169 701 gretia
208 615 444 682 miraculorum
480 617 715 701 perfectissime
745 617 842 684 tuit
833 639 868 684 ru
892 618 1039 706 Christo,
1063 624 1097 686 et

49 705 173 790 potuit
196 725 269 771 eoru
293 705 366 771 otiis
388 707 653 773 communiente.

26 799 111 862 Art.
137 795 171 862 3
196 795 247 861 An
261 797 367 861 enimn
385 794 501 864 Ciristi
515 797 658 865 tutnerit
678 800 933 882 omnipotentiam
955 808 1095 882 respectu

50 887 187 969 proprii
208 887 355 968 corporis.
380 887 415 966 ι3.
440 886 487 951 iix
506 887 639 970 propria
662 887 796 953 virtute
812 907 892 966 uun,
919 889 955 951 ut
980 888 1014 952 in
1033 908 1098 954 nu·
1158 883 1165 900 '

54 975 211 1056 tritioue,
234 974 313 1060 quia
336 975 500 1042 naturalia
524 977 583 1043 suti
607 977 674 1042 Deo
709 979 869 1056 subsunt,
891 981 925 1042 et
948 975 1096 1044 Christus

53 1064 95 1130 in
121 1067 244 1131 nutura
268 1083 327 1148 per
342 1065 455 1131 omnis
479 1066 542 1132 tuit
565 1066 681 1134 similis
703 1066 875 1144 tratribus,
898 1067 967 1144 sed,
992 1073 1029 1132 ut
1045 1067 1097 1133 iu·

54 1158 288 1220 strumentum
312 1153 410 1222 Verbi
434 1160 505 1220 erat
527 1155 755 1240 omnipotens3
779 1157 831 1220 vet
856 1174 897 1221 ex
922 1157 1096 1224 voluntate

55 1243 130 1324 Dei,
156 1243 321 1310 naturalia
345 1248 441 1309 crant
463 1245 611 1312 subiecta
639 1245 778 1313 Christo.

32 1335 109 1400 Art.
133 1331 168 1399 lc.
189 1333 240 1400 An
261 1335 368 1400 mnino
383 1331 500 1400 Ctristi
521 1335 663 1402 habuerit
683 1339 935 1418 omnipotentiam
958 1343 1097 1418 respectu

55 1425 251 1490 executionis
274 1443 337 1490 suu
359 1424 539 1493 uoluntatis.
565 1428 600 1508 3.
624 1425 742 1491 tuisne
772 1424 894 1492 Christi
911 1423 1095 1510 quicdquid

55 1513 177 1592 votuit,
202 1514 310 1597 potuit
334 1513 467 1597 propria
492 1514 628 1592 virtute,
652 1516 705 1579 vel
731 1514 885 1592 naturali,
904 1515 954 1580 vet
979 1514 1095 1581 divino

55 1601 379 1684 instrumentorum
403 1621 466 1668 uec
490 1604 598 1687 potuit
622 1605 708 1674 reite
731 1605 822 1688 quod
846 1624 915 1670 nou
939 1609 1012 1669 erut
1034 1605 1096 1670 sub

55 1695 222 1772 potestate
243 1711 315 1759 sua,

55 1779 70 1808 *
94 1781 208 1848 Noluit
230 1783 403 1849 voluntate
426 1784 572 1850 humanu
596 1782 766 1867 publicare
790 1783 963 1861 miracuta,
986 1786 1024 1849 ut
1044 1783 1096 1850 n-

54 1876 153 1956 gerct
176 1874 336 1952 honores,
359 1872 417 1939 sed
441 1872 547 1938 voluit
570 1873 706 1951 divina,
738 1877 775 1938 ut
799 1876 1097 1938 converterentur.

55 1959 140 2029 item
164 1963 291 2042 orabat,
314 1962 393 2048 quin
417 1961 522 2028 virtus
547 1963 716 2045 pendebat
741 1983 760 2028 a
783 1961 862 2028 Deo.

422 2157 603 2242 Quusuu
630 2160 712 2278 XIV..
793 2174 795 2177 ’

158 2359 272 2424 ‘De
297 2359 640 2428 defectibus
665 2363 949 2444 corporis

197 2454 530 2533 assumptis
557 2469 590 2516 a
614 2453 774 2518 Filio
800 2453 931 2517 Dei.

35 2662 99 2732 Art.
126 2663 159 2732 t.
182 2662 233 2732 An
254 2660 356 2731 titius
386 2664 448 2732 Dei
472 2667 506 2732 in
534 2668 668 2734 tunonn
701 2675 819 2734 stature
853 2665 990 2732 nonen
1011 2667 1094 2734 assu

53 2773 137 2820 mere
158 2753 289 2838 defmtus
317 2757 467 2839 corporis.
492 2757 527 2839 3.
551 2754 620 2834 Sin,
644 2759 681 2822 ut
703 2755 925 2834 satistacerct3
957 2761 995 2822 ut
1018 2755 1096 2839 pro·

55 2845 152 2910 buret
173 2844 459 2926 incarnationemp
492 2849 529 2911 ut
554 2846 685 2910 iuvaret
710 2865 770 2911 nos
801 2845 901 2910 etiarn
925 2847 1093 2928 exemplu

54 2933 112 3000 scd
138 2931 250 3000 anima
275 2933 392 3000 debuit
414 2953 484 3000 esse
518 2934 681 3017 pertenta,
707 2938 745 3000 ut
769 2937 852 3000 esset
871 2953 951 3001 vcra
975 2935 1094 3000 virtus

34 3019 100 3089 Art.
125 3021 158 3090 2.
182 3020 232 3089 An
270 3022 410 3090 Ctristus
443 3025 646 3109 assumpserit
676 3025 884 3092 neccessitatem
919 3023 1095 3092 sntincendi

54 3115 101 3180 tis
124 3110 299 3196 defectibus.
324 3115 359 3198 ι3
383 3114 582 3182 Necessitate
600 3115 745 3182 naturali
759 3114 826 3194 sic,
853 3114 1030 3182 coactionis
1053 3115 1095 3180 ab

54 3201 244 3270 extrinseco
266 3207 406 3287 cogente
431 3223 513 3270 non.

54 3289 223 3360 *Dicitur
246 3293 388 3373 oblutus,
411 3293 496 3381 quta
513 3293 633 3372 soluit,
652 3294 737 3360 idest
754 3295 902 3361 hunuano
925 3293 1097 3360 vuluntate

54 3381 248 3460 deliberata,
271 3387 306 3448 et
325 3383 467 3462 diviua3
489 3384 548 3450 sed
571 3387 690 3450 contra
716 3385 902 3450 naturalem
925 3387 1064 3452 ructum.

38 3468 99 3540 trt.
124 3470 165 3540 3.
189 3470 240 3540 Au
262 3475 462 3544 consenuerit
493 3474 625 3557 defectus
654 3475 835 3558 corporatos.
861 3475 896 3557 3.
927 3473 1015 3554 Nun,
1037 3473 1098 3540 sert

57 3560 259 3630 voluntarie
280 3564 442 3652 suscepit,
472 3563 551 3667 quie
573 3583 642 3630 nou
673 3565 788 3630 habuit
823 3566 1010 3647 peecatum,
1034 3581 1096 3633 nee

62 3670 100 3722 ex
134 3650 253 3729 debito
275 3645 422 3740 penculi,
447 3652 535 3744 quin
548 3653 655 3732 ιιιιιι
675 3654 848 3740 assumpsit
883 3652 1069 3731 suturas}
1060 3671 1099 3726 ιιι
