2622 4210
244 77 309 146 eet
374 172 376 174 Ι
437 170 440 172 -
503 91 549 144 ax
573 87 740 170 saeuum
764 89 939 172 sneuonn

221 229 293 315 prie
318 249 387 296 non
418 233 466 296 est
494 226 603 312 ipsum
628 231 698 312 jns,
721 231 779 308 sed
802 229 911 315 aliqua
934 230 1018 296 ratio
1038 227 1142 312 juris;
1165 227 1254 294 ideo

220 341 287 387 non
311 323 360 386 est
383 320 548 403 objectum
574 319 727 403 justitiae,
758 320 816 386 sed
845 319 1044 403 prudentiae.
1073 318 1155 384 ltem
1185 318 1254 382 lex

220 410 336 477 divina
365 428 434 476 non
465 410 514 474 est
536 409 669 492 proprie
689 412 758 493 jus,
780 409 859 494 quia
880 409 948 475 Deo
972 429 1041 475 non
1066 425 1254 492 possumus
1301 425 1302 478 l

221 500 419 584 aequivalens
442 498 597 578 reddere;
620 500 678 564 sed
700 500 756 579 las,
779 499 858 583 quia
880 499 1002 566 suffieit
1023 498 1092 564 Deo
1114 503 1155 566 ut
1176 496 1252 562 im·
1301 505 1302 560 l

220 591 367 672 pleamus
389 589 480 674 quod
502 607 684 670 possumus.
1301 597 1302 618 ¹

198 677 265 746 Art.
288 679 319 747 2.
343 678 392 745 Ao
410 682 463 762 ias
485 681 696 746 convenienter
719 679 872 746 dividatur
901 682 937 746 ia
955 681 1009 761 jus
1038 679 1182 746 reaturole
1213 684 1258 741 et
1301 687 1302 694 ’

218 771 391 852 positivum.
415 771 451 854 rt.
474 767 541 851 Sic,
569 767 645 852 quia
671 766 797 853 justum
829 772 877 834 est
910 787 992 854 opus
1025 771 1254 854 adaequatum

220 860 314 925 alteri
347 860 530 926 seeundum
565 858 708 944 aliquem
742 859 878 924 modum
914 858 1127 944 equalitatis,
1162 856 1253 943 quia

221 951 354 1028 modus,
378 950 432 1015 vel
456 953 504 1014 est
527 968 569 1013 ex
591 953 710 1016 natura
734 949 798 1027 rei,
826 966 902 1015 eum
929 949 1002 1034 quis
1025 951 1158 1014 tantum
1184 948 1253 1012 dat

220 1042 258 1104 ut
292 1038 489 1105 tantundem
519 1037 670 1121 recipiat,
705 1041 737 1103 ει
766 1041 829 1104 hoe
856 1043 905 1104 est
928 1039 1096 1116 naturale,
1120 1037 1175 1104 vel
1202 1056 1254 1102 ex

220 1129 389 1208 eondieto,
420 1128 474 1193 vel
504 1128 674 1206 communi
705 1127 841 1210 placito,
873 1129 962 1212 quod
989 1127 1153 1211 contingit
1183 1145 1254 1210 per·

221 1218 388 1302 privatum
412 1217 602 1284 condictum
624 1217 713 1282 inter
735 1235 891 1300 personas
914 1217 1070 1300 privatas,
1086 1217 1157 1282 sive
1182 1235 1253 1300 per

220 1309 400 1392 publicum,
424 1327 499 1373 eum
523 1309 610 1372 totus
634 1307 773 1390 populus
797 1307 973 1386 consentit,
994 1309 1046 1373 vel
1063 1305 1253 1373 ordinatur

219 1416 423 1570 lelll'tt
446 1396 998 1569 tltlltljtltlldlllll
1018 1425 1173 1566 lana,
1208 1490 1256 1551 a
1301 1449 1302 1460 ι

220 1576 397 1661 aliquando
421 1595 489 1642 non
512 1575 555 1640 sit
577 1576 786 1643 reddendum
815 1575 1003 1658 depositum
1028 1577 1131 1643 ebrio.
1159 1575 1256 1641 ltem

220 1666 372 1733 voluntas
402 1669 549 1732 humana
579 1669 684 1748 potest
715 1666 822 1730 laeere
849 1669 978 1750 justum
1010 1665 1044 1731 in
1074 1667 1143 1746 his,
1166 1685 1255 1750 quae

220 1775 289 1823 non
323 1759 510 1841 repugnant
544 1774 622 1821 eum
649 1755 793 1821 naturali
812 1755 950 1838 justitia.
974 1755 1055 1822 ltem
1075 1758 1130 1839 jus
1153 1755 1256 1820 divi·

221 1866 303 1912 num
326 1846 447 1930 partim
471 1847 519 1911 est
542 1845 584 1910 de
608 1846 674 1923 his,
705 1864 779 1929 quae
808 1850 887 1910 sunt
916 1845 1113 1912 naturaliter
1132 1847 1255 1928 justa,

219 1955 362 2021 quorum
386 1939 496 2002 temen
517 1935 645 2017 justitia
667 1934 817 2002 homines
840 1935 933 2014 latet;
966 1936 1087 2019 partim
1113 1935 1156 1999 de
1179 1934 1253 2012 his,

220 2029 395 2109 quaesunt
414 2026 502 2108 justa
525 2043 566 2088 ex
589 2024 797 2091 institutione
817 2022 954 2106 justitiae
985 2025 1124 2100 divinae,
1149 2025 1253 2088 unde

220 2120 298 2180 sunt
320 2114 472 2200 qnaedam
496 2118 670 2196 praecepta,
693 2113 772 2198 quia
794 2114 897 2194 bona;
916 2117 950 2178 et
966 2113 1143 2198 prohibita,
1162 2112 1252 2196 quia

220 2206 380 2361 mala3bet
403 2201 556 2289 quaedam
580 2204 679 2283 bona,
702 2203 780 2288 quia
796 2206 976 2288 praecepta3
1000 2208 1034 2270 et
1048 2204 1144 2281 mala,
1164 2202 1253 2286 quia

247 2294 319 2361 rohi
346 2295 400 2361 ita.

198 2314 266 2454 Aet.
282 2384 313 2454 32
337 2384 386 2453 Aa
394 2387 448 2468 joa
462 2385 600 2467 oratiam
616 2387 661 2450 rit
673 2383 761 2466 idem,
778 2383 920 2468 euodius
936 2386 1088 2452 amtorole.
1106 2385 1142 2469 il.
1157 2381 1249 2463 Non,
1301 2431 1302 2448 ,

220 2477 297 2562 quia
323 2480 378 2561 jus
404 2475 555 2540 naturale
582 2480 753 2558 aeeeptum
775 2475 960 2540 seeundum
984 2476 1167 2542 absolutam
1189 2475 1249 2540 sui

220 2567 532 2643 considerationem,
565 2569 613 2629 est
639 2583 818 2630 commune
845 2564 999 2630 omnihus
1022 2563 1248 2642 animalibus,

217 2651 272 2738 jus
306 2656 454 2741 gentium
487 2653 596 2726 solum
625 2654 829 2742 hominibus;
860 2654 887 2718 si
910 2673 991 2720 vero
1011 2657 1066 2739 jus
1088 2652 1249 2720 naturale

219 2753 370 2812 sumatur
395 2750 433 2812 ut
459 2741 583 2826 aliquid
611 2743 699 2828 quod
726 2763 768 2808 ex
795 2742 866 2826 ipse
886 2743 1053 2827 sequitur,
1084 2743 1169 2810 sieut
1192 2746 1249 2808 est

219 2836 458 2918 possessionum
481 2831 672 2916 proprietas,
698 2837 779 2899 tune
801 2837 851 2898 est
872 2832 962 2899 idem
976 2852 1053 2899 eum
1065 2836 1144 2918 Jure
1160 2851 1249 2914 gen-

220 2923 319 2990 tium:
344 2944 422 2990 nam
445 2922 535 3008 quod
559 2923 718 2988 naturalis
741 2922 825 2989 ratio
848 2923 939 2990 inter
957 2943 1071 2990 omnes
1087 2922 1248 2989 homines

221 3015 407 3093 constituit,
430 3018 464 3078 et
486 3013 575 3096 apud
598 3031 711 3079 omnes
735 3015 849 3097 gentes
871 3013 1071 3093 custoditur,
1100 3013 1246 3078 vocatur

217 3105 271 3187 ius
294 3103 455 3188 gentium.

197 3193 265 3261 Art.
289 3193 321 3262 l.
344 3191 393 3260 Aa
411 3197 464 3277 jos
487 3190 589 3257 deleat
615 3195 787 3276 specialiter
817 3193 968 3280 distinqui
995 3197 1030 3262 lo
1057 3199 1243 3278 pomaeo,

220 3292 251 3351 et
270 3284 497 3352 dominativum.
523 3284 557 3364 d.
580 3279 642 3361 Sie,
667 3303 745 3350 nam
764 3285 899 3370 quando
922 3305 1010 3352 unns
1029 3303 1096 3351 non
1115 3283 1245 3368 pendet

220 3378 262 3442 ab
285 3378 397 3452 altero,
421 3377 454 3439 et
476 3372 573 3436 ambo
596 3378 675 3438 sunt
697 3377 757 3440 sub
781 3373 950 3459 principe,
973 3376 1060 3441 eirea
1082 3375 1162 3440 tales
1185 3376 1243 3440 est

217 3466 272 3549 J'us
292 3462 501 3550 simpliciter:
533 3462 668 3545 quando
697 3481 778 3528 vero
807 3481 894 3531 nnus
924 3469 973 3531 est
1001 3463 1127 3550 aliquid
1155 3461 1246 3530 alte-

221 3555 299 3636 rius,
323 3559 360 3622 nt
383 3555 469 3620 lilius
491 3553 540 3617 est
563 3552 655 3644 quasi
678 3571 753 3636 pars
776 3552 889 3636 patris,
915 3559 964 3622 est
984 3557 1038 3639 jns
1061 3557 1242 3639 paternum

222 3663 291 3713 non
312 3643 524 3732 simpliciter:
553 3639 601 3710 sie
629 3641 718 3712 inter
746 3661 899 3729 servum,
921 3649 955 3714 et
977 3643 1169 3725 dominum,
1191 3647 1244 3714 er
