2652 4198
258 68 308 135 78
568 83 614 146 ux
635 81 752 136 aaran
776 83 895 137 naara

234 241 446 308 Personarum.
476 240 512 324 ri.
542 237 610 319 Sin,
640 239 699 306 sed
725 239 870 306 infertur
894 259 935 306 ex
959 238 1103 324 imagine
1125 242 1267 305 naturae

237 329 369 398 divine.
387 395 390 404 ,
405 329 441 397 Si
478 330 514 395 in
552 329 687 397 homine
725 333 809 396 esset
846 330 991 414 perfeeto
1029 328 1088 396 Dei
1129 328 1268 414 imago,

184 426 188 431 ’
235 423 332 487 bomo
367 419 574 486 eonoseendo
603 439 653 498 se,
689 425 878 485 oonoseeret
908 419 1024 485 Deum.
1053 418 1134 484 Item
1159 421 1267 500 bomo

236 515 286 576 est
308 510 413 576 iaetus
436 511 478 576 ad
501 508 681 594 imaginem
704 509 886 574 Trinitatis.

213 598 340 667 Art-bs
359 598 410 666 An
431 601 468 665 iro
490 601 610 669 bomine
632 601 677 665 sit
697 601 797 682 iringo
812 599 872 666 Del
887 599 985 666 solam
999 596 1160 666 sermidam
1178 618 1267 666 mea·

237 698 304 756 iem.
329 691 364 774 ri.
387 689 449 770 Sie,
473 691 531 755 sed
553 690 744 755 seeundumx
759 689 838 754 alias
855 693 963 774 partes
980 692 1029 754 est
1044 707 1104 772 per
1121 689 1265 756 modum

236 779 384 864 remigii:
406 797 484 845 nam
508 779 615 864 imago
639 782 853 862 repraesentat
878 797 942 864 per
959 779 1096 846 modum
1118 779 1266 861 speciei,

236 869 428 953 vestigium
436 887 495 952 ner
518 871 655 935 modum
678 871 822 950 eiieotus,
846 870 904 956 qui
928 889 997 936 non
1020 867 1198 953 attingit
1170 869 1268 934 simi-

228 959 413 1025 litudinem
435 957 566 1063 speciei.

148 1054 153 1061 ‘
217 1048 285 1116 Art.
316 1047 347 1116 7.
375 1045 466 1114 Aa
453 1066 552 1132 imago
586 1046 647 1115 Dei
680 1043 859 1129 inretiatur
893 1050 928 1116 in
962 1051 1066 1116 naimo
1098 1048 1268 1116 meandum

237 1146 335 1207 notao:
362 1141 408 1243 rt,
426 1137 535 1224 Imago
560 1137 731 1205 Trinitatis
753 1143 802 1206 est
822 1140 1009 1206 seeundum
1033 1142 1124 1205 aetus
1148 1139 1267 1217 uerbi,

239 1234 272 1294 et
294 1228 425 1294 amoris.

238 1317 358 1402 *Quia
383 1337 477 1385 mens
506 1320 620 1386 nostra
655 1321 703 1384 est
739 1319 774 1386 in
804 1319 898 1386 nobis
934 1317 1060 1403 ignota,
1096 1317 1264 1401 accipitur

238 1409 347 1494 imago
374 1409 557 1476 seeundum
586 1415 652 1475 tres
676 1408 853 1492 potentias,
877 1408 1077 1488 intellectus,
1102 1408 1263 1474 volunta·

240 1498 298 1578 tis,
332 1498 510 1565 memoriae.
547 1499 627 1564 Item
662 1499 769 1584 imago
802 1497 972 1566 Trinitatis
999 1500 1048 1564 est
1070 1515 1202 1581 semper
1227 1497 1267 1563 in

240 1588 351 1655 anima
374 1587 597 1656 halituaiiter.

221 1676 289 1746 Art.
314 1678 344 1745 8.
368 1675 453 1746 Aa
439 1697 539 1764 imago
566 1678 769 1745 Trinitatis
755 1697 792 1744 ae
813 1679 920 1746 aalma
940 1678 986 1744 sit
1000 1677 1098 1745 solum
1109 1697 1165 1762 per
1180 1695 1267 1744 eom·

238 1770 431 1853 parationem
453 1773 494 1836 ool
516 1769 672 1853 objectam,
696 1769 804 1851 idest,
829 1769 937 1835 Derim
966 1769 1002 1852 rt
1025 1766 1188 1878 Sinonia
1213 1787 1270 1833 re-

240 1863 419 1943 prasentat
440 1863 625 1926 seeundum
647 1858 789 1943 speeiem
813 1858 960 1924 divinas
967 1875 1133 1940 personas

218 1946 607 2018 natantianatantia
636 1951 850 2016 eoaoooienter
879 1947 1091 2031 distiogootar
1120 1946 1157 2014 ob
1186 1949 1267 2014 lma·

240 2042 322 2121 gine.
348 2041 382 2122 lt.
406 2039 474 2119 Sin,
501 2040 579 2124 qnia
602 2038 782 2104 similitudo
812 2041 860 2104 est
888 2037 1112 2116 communior,
1149 2039 1182 2103 et
1217 2037 1269 2103 sin

229 2132 290 2193 est
320 2128 502 2210 praembuia
532 2129 574 2193 ad
605 2126 798 2211 imaginem,
828 2127 886 2194 sed
910 2130 949 2193 nt
969 2127 1133 2213 signifieat
1157 2127 1269 2211 perie-

241 2217 384 2283 ctionem
409 2217 572 2302 imaginis,
596 2218 644 2282 est
666 2234 808 2302 sequens
830 2217 931 2288 iiiam.

591 2394 770 2480 QUAESTIO
793 2394 896 2466 XGiV.

233 2533 237 2623 ἶ
368 2581 460 2648 De
486 2582 652 2646 statu
676 2584 741 2645 et
764 2537 1116 2645 conditione

502 2671 691 2751 primi
714 2669 979 2735 hominis

335 2765 627 2840 quantum
652 2759 728 2826 ad
750 2761 1153 2826 intellectum,

222 2935 289 3004 aee.
317 2937 349 3006 i.
370 2911 428 3006 ¹‚io
454 2940 573 3022 primas
607 2941 694 3007 tomo
726 2957 782 3022 por
815 2937 975 3005 essentiam
1009 2934 1107 3005 Deum
1141 2933 1268 3006 ailant

119 3044 121 3048 ·
246 3028 281 3112 ri.
304 3027 390 3108 Non,
419 3028 497 3112 qnia
529 3033 657 3112 poterat
686 3047 839 3112 paoeare,
868 3031 902 3092 et
925 3025 1043 3094 Beatus
1064 3045 1134 3096 non
1159 3029 1268 3110 potest

244 3136 390 3200 peceare,
402 3120 461 3184 sed
474 3117 581 3184 Deum
595 3118 812 3203 eognoseehat
827 3115 935 3182 aitiori
950 3115 1150 3200 eognitione,
1162 3135 1267 3198 quam

244 3222 315 3284 nos,
339 3207 374 3273 id
396 3209 456 3286 est,
479 3208 589 3275 media
612 3208 701 3274 inter
722 3210 882 3286 neuram,
898 3209 932 3270 et
947 3207 1089 3283 beatam
1106 3205 1164 3271 sed
1180 3206 1267 3272 torte

244 3296 332 3364 vidit
365 3295 469 3362 Deum
500 3296 535 3362 in
567 3301 664 3380 raptu
695 3295 730 3362 in
760 3313 887 3378 sonore.
923 3296 1002 3362 item
1038 3294 1123 3362 vidit
1157 3295 1268 3362 altiori

228 3387 361 3465 πρᾶο,
382 3385 460 3471 qnia
484 3405 552 3454 non
577 3385 819 3470 impediebatur
842 3406 861 3452 a
882 3384 1110 3464 sensibilibus,
1133 3387 1165 3450 et
1188 3389 1268 3452 ante

246 3479 428 3560 pennatam.

222 3563 290 3634 Art.
314 3566 345 3634 2.
368 3564 418 3634 Aa
440 3563 534 3635 Alam
556 3569 593 3637 ia
614 3574 697 3636 stolo
720 3567 904 3636 innocentio
926 3563 1042 3635 bilarit
1061 3561 1193 3649 Angelos
1209 3584 1267 3650 per

245 3659 415 3728 moltam,
444 3659 480 3744 b.
503 3659 592 3739 Non,
615 3658 693 3746 quia
715 3658 919 3745 intelligebat
942 3675 1001 3740 per
1025 3658 1269 3741 phantasmata.
1313 3713 1314 3720 ,
