2622 4210
436 148 514 198 orvi
539 147 687 200 rnomm.
975 133 1042 202 tlt

20 293 90 360 Art.
119 291 157 359 5.
181 290 232 358 Aa
255 291 389 357 avaritie
411 290 454 353 stt
476 288 645 352 maalmam
666 293 829 369 peccatum.
854 289 889 372 il.
906 288 986 369 Non,
1005 289 1083 373 quia

43 403 119 448 non
148 380 336 461 corrumpit
360 377 541 444 maximum
568 378 703 455 bonum,
728 379 765 441 ut
790 381 906 443 eontra
929 379 1033 444 Deum
1049 383 1083 444 et

43 489 235 555 personam
260 469 414 554 proximi.

23 561 97 629 Art.
126 561 161 628 6.
187 563 238 625 Aa
262 561 396 626 avaritia
418 560 461 623 sit
479 563 633 639 peccatam
655 559 793 638 speciale.
828 557 864 641 rt.
898 557 966 636 Sic,
1003 559 1080 644 quia

45 650 228 734 perficitur
245 649 279 715 in
297 647 513 714 delectatione
528 645 670 730 speciali,
696 646 731 712 id
754 650 813 725 est,
836 647 1080 716 considerando

47 761 85 806 se
114 740 269 817 divitem,
292 744 356 802 ete.

50 1011 155 1074 diunt
180 1007 341 1091 pecuniis.
379 1025 380 1028 ¹

29 1099 98 1165 Art.
125 1099 158 1165 8.
183 1095 232 1164 Aa
254 1097 327 1180 filie
351 1097 490 1160 ooorltie
513 1097 587 1176 slot,
610 1095 756 1176 proditio,
778 1101 866 1180 fruor
880 1097 1016 1182 fallacia,
1032 1117 1082 1180 pc·

52 1191 208 1270 riarium,
244 1185 438 1270 inquietudo,
473 1186 638 1266 uiolentia,
674 1185 842 1254 obduratio.
875 1189 909 1272 rt.
938 1185 1002 1263 Sic,
1039 1208 1079 1252 ex

51 1299 75 1344 s.
101 1277 264 1362 Gregorio
288 1277 345 1344 lib.
370 1275 422 1342 31.
448 1275 556 1340 lloral.
588 1294 659 1358 eap.
684 1275 738 1342 tl.
765 1277 822 1364 qui
850 1280 908 1344 has
930 1275 1080 1344 avarittae

53 1366 139 1434 lilias
162 1370 329 1434 numerat.

401 1542 582 1627 QUAESTIO
613 1542 718 1611 ClllX.

272 1725 365 1792 De
388 1724 838 1806 prodigalitate.

13 1905 105 1974 =Art
132 1905 164 1972 l.
188 1903 238 1971 Aa
265 1904 466 1987 predicatum
491 1912 663 1987 apponatur
691 1906 841 1973 avaritie.
878 1909 912 1990 ri.
946 1905 999 1970 Sie
1032 1926 1081 1972 se·

55 1997 209 2062 eundum
239 1995 480 2060 abundantiam
508 1998 541 2059 et
563 1993 730 2059 defectum
754 1996 840 2062 circa
864 1995 1081 2078 possessiones

54 2107 93 2150 ex
119 2085 223 2150 animi
249 2084 508 2149 inordinatione.

36 2174 98 2242 Art.
123 2174 156 2242 2.
180 2174 229 2241 Aa
249 2173 453 2256 productius
476 2177 519 2239 sit
538 2180 701 2256 peceatum.
733 2175 766 2257 rt.
791 2173 860 2252 Sic,
894 2174 973 2259 quia
1008 2195 1079 2240 eor·

13 2297 14 2308 ¹
55 2265 183 2348 rumpit
206 2266 332 2329 bonum
355 2283 412 2329 seu
437 2265 583 2329 medium
607 2263 750 2340 virtuto,
776 2268 808 2328 et
830 2269 895 2329 stat
917 2265 951 2330 in
969 2266 1077 2344 modo,

57 2353 228 2438 undequi
252 2353 444 2419 omniadat
471 2353 621 2435 proximo
655 2356 789 2436 propter
818 2353 982 2420 Christum
1008 2375 1076 2421 nou

52 2451 97 2509 est
121 2444 289 2526 prodiguS,
313 2445 370 2507 sed
396 2444 538 2524 perfecte
561 2442 717 2508 liberalis.

13 2581 14 2584 ,
38 2535 98 2600 Art.
123 2534 154 2600 3.
179 2531 229 2599 ln
249 2531 451 2615 prodioolitos
473 2535 517 2596 sit
537 2536 634 2615 majos
655 2539 827 2616 peccatum,
856 2553 944 2616 quom
976 2536 1076 2600 coori-

59 2629 109 2690 tio.
135 2625 172 2707 rt.
195 2623 276 2698 Non,
301 2622 378 2704 quia
402 2623 512 2686 minus
536 2624 634 2687 distat
657 2642 676 2687 a
695 2623 901 2700 liberalitate,
918 2624 1074 2707 adquam

58 2714 147 2779 lacile
162 2763 166 2770 .
183 2710 369 2789 reducitur,
405 2716 437 2776 et
463 2712 541 2794 quia
567 2731 643 2776 cum
669 2716 839 2778 senectute
861 2716 998 2778 sanatur
1020 2714 1075 2779 eui

13 2845 15 2964 ἱ
58 2811 102 2869 est
124 2798 305 2879 contraria,
329 2802 379 2866 vel
403 2820 479 2866 eum
503 2801 694 2884 pervenerit
716 2802 760 2867 ad
783 2806 971 2886 egestatem.

398 2979 577 3063 ansno
604 2978 694 3045 cxx.

13 3095 15 3192 l

13 3199 14 3290 ἦ
119 3163 213 3228 De
240 3161 520 3241 epicheia
546 3177 658 3227 seu
684 3164 983 3242 aequitate.

13 3311 14 3360 i
43 3333 97 3403 Art.
122 3339 151 3405 l.
174 3337 224 3406 Au
248 3342 381 3422 epicteto
403 3343 447 3405 stt
467 3343 576 3407 virtus.
608 3343 641 3425 rt.
679 3341 760 3406 Cum
788 3340 823 3406 iu
854 3339 966 3408 multis
993 3342 1074 3407 casi-

61 3429 442 3584 guaussitaecolnissigeranda
465 3450 558 3496 mens
581 3431 781 3514 legislatoris,
807 3434 844 3497 ut
867 3451 935 3496 non
952 3431 1074 3515 obliget

62 3603 74 3636 *
93 3539 226 3674 Vitiumq
235 3611 284 3674 est
306 3565 399 3693 sequi
422 3612 526 3676 verba
549 3611 644 3695 legis,
674 3612 808 3695 quando
833 3629 901 3676 non
926 3613 1071 3696 oportet,

13 3747 14 3758 ,
65 3698 273 3786 relinquendo
306 3704 469 3780 mentem,
501 3721 569 3768 non
607 3705 718 3767 tamen
751 3701 826 3766 licet
853 3699 1004 3784 judicare
1030 3702 1072 3767 de
