2632 4212
442 111 519 208 urvr
543 151 690 210 uncum.

254 427 267 440 .
392 383 572 469 consuo
595 369 739 454 cxxxv.

202 571 295 634 De
321 571 644 635 effantibus
675 571 935 648 peccatu.
1057 625 1059 630 .

42 743 107 812 Art.
133 746 166 812 l.
189 749 241 813 Aa
261 752 416 830 peccatam
437 751 559 815 minuat
582 747 691 814 laeam
714 751 844 814 namra.
870 747 904 832 il.
921 743 984 826 Sic,
1000 750 1091 832 quod

62 841 112 902 eat
143 835 319 903 inclinatio
347 839 389 904 ad
418 837 595 916 virtutem,
625 837 683 903 sed
713 855 781 904 non
813 837 899 903 bona
929 839 1091 904 naturalia

63 929 207 992 naturae.
764 955 769 964 ·

43 1013 109 1084 Art.
132 1015 167 1083 2.
190 1013 242 1083 Aa
266 1023 363 1085 totam
385 1017 494 1085 lorum
517 1023 636 1085 aotorc
665 1017 763 1100 poerit
790 1017 912 1102 ausari
939 1036 994 1103 per
1024 1036 1090 1102 pee-

63 1112 177 1174 colam.
204 1108 240 1189 ri.
263 1107 345 1186 llon,
368 1108 446 1193 quia
465 1108 588 1173 malum
604 1107 710 1210 culpae
726 1109 775 1172 est
790 1105 825 1172 in
843 1107 930 1173 bono
949 1110 1089 1188 naturae,

64 1197 734 1370 pragmatii?peesrsesserggantrgnfaggnggrg.
755 1305 796 1352 ex
827 1287 921 1368 parte
945 1290 1091 1371 naturae,
1146 1379 1149 1381 -

65 1376 123 1441 sed
148 1375 296 1454 termini,
321 1377 356 1442 id
378 1380 443 1453 est,
466 1375 544 1461 quia
568 1376 662 1460 ponit
684 1373 961 1458 impedimentum
985 1378 1028 1444 ad
1051 1379 1091 1443 fl·

67 1483 162 1545 uem3
191 1469 227 1531 et
247 1483 317 1531 non
347 1466 386 1530 ut
415 1485 475 1550 per
497 1469 607 1550 partes
629 1461 908 1549 proportionales,
931 1467 1091 1551 quoniam

65 1574 207 1640 sequerm
230 1559 401 1641 peccatum
425 1559 621 1639 potestesse
645 1558 751 1640 majus
774 1556 994 1639 precedente.

47 1642 112 1712 Art.
135 1645 168 1712 3.
190 1643 243 1714 Aa
265 1647 477 1714 conuenienter
497 1653 658 1730 ponantur
679 1647 807 1713 vulnera
830 1653 950 1714 naturae
973 1648 1092 1729 tmtoa

65 1741 203 1818 peceato,
233 1742 272 1803 ot
292 1737 476 1820 iufirmitas,
500 1739 697 1820 ipaaraatta,
728 1737 869 1818 molitio,
898 1743 929 1802 et
949 1742 1091 1822 coacepi-

5 1849 16 1890 ι
66 1829 191 1893 scentia.
218 1827 253 1912 il.
277 1823 341 1906 Sic,
365 1826 441 1911 quia
464 1827 664 1910 sublataest
675 1825 802 1909 justitia
818 1825 997 1909 originalis,
1015 1847 1090 1912 quae

66 1913 267 1982 laetificabat
287 1914 376 1980 vires
399 1915 529 1995 animae,
553 1915 669 1993 idest,
694 1914 909 1994 intellectum,
937 1917 1092 1984 volunta·

67 2007 145 2085 term
168 2003 379 2084 irascibilem,
404 2005 704 2089 concupiscibilem.

4 2115 5 2118 ¹
49 2093 111 2161 Art.
136 2095 168 2161 l.
193 2094 244 2163 Aa
264 2097 400 2179 privatio
422 2095 520 2177 modi,
543 2097 671 2179 speciei,
701 2101 733 2162 el
759 2094 878 2161 ordinis
907 2095 951 2162 sit
971 2093 1093 2177 effectae

67 2187 190 2268 pmcoti.
218 2186 252 2270 ἡ.
276 2185 338 2263 Sic,
362 2187 545 2252 secuudum
569 2185 716 2252 diversos
744 2185 865 2269 gradus
889 2186 1066 2252 bonorum.

51 2274 113 2342 Art.
137 2275 170 2342 5.
195 2273 246 2342 Aa
268 2294 366 2357 mora,
390 2276 500 2342 etalii
522 2275 692 2360 corporales
721 2273 849 2358 defectae
876 2275 946 2342 siat
972 2276 1094 2357 effectos

66 2367 192 2448 peccati.
210 2367 253 2450 ul.
278 2365 450 2432 Peccatum
472 2365 548 2431 lldae
564 2365 599 2430 in
617 2369 737 2432 natura
753 2368 898 2431 humana
915 2363 979 2429 luit
994 2384 1090 2431 causa

69 2457 202 2536 horum,
234 2459 269 2520 et
291 2459 449 2539 tanquam
474 2473 648 2520 removens
672 2454 869 2538 prohibens,
893 2451 927 2519 id
951 2456 1015 2533 est,
1035 2457 1091 2538 ju·

68 2545 203 2610 stillam.
225 2543 306 2610 laen
330 2548 501 2627 peecatum
525 2544 651 2610 actuale
674 2563 772 2610 exse
796 2561 864 2609 non
888 2547 1000 2610 causat
1030 2545 1091 2609 hos

68 2635 218 2712 effecius,
241 2634 320 2717 quia
344 2634 454 2716 privat
476 2633 596 2718 gratia,
619 2653 693 2719 quae
717 2653 786 2698 non
809 2633 908 2698 datur
938 2631 979 2698 ad
1003 2633 1092 2699 cohi·
1207 2707 1209 2712 ,

69 2724 216 2790 bendum
240 2724 387 2790 delectus
410 2724 605 2804 corporales,
629 2726 667 2788 ut
686 2721 814 2804 iustitia
837 2719 1017 2804 originalis.

53 2811 110 2880 Art.
135 2812 168 2880 6.
192 2811 243 2878 Aa
269 2831 360 2894 more,
384 2821 415 2879 et
435 2814 494 2879 olii
515 2813 646 2896 defectas
674 2815 741 2878 siat
765 2811 921 2878 naturales
950 2813 1092 2880 leminis.

71 2905 102 2984 d.
124 2901 317 2970 Secundum
341 2921 453 2969 causas
476 2902 688 2980 universales,
714 2900 822 2980 idest,
839 2899 956 2979 Deum,
973 2904 1006 2965 et
1029 2921 1094 2967 coe·
1135 2977 1141 2998 x

4 2993 6 3034 l
69 2992 145 3071 lum,
168 3011 246 3077 quae
271 2993 453 3064 intendunt
477 2991 782 3070 conservationem,
809 2988 869 3068 sie;
892 2989 951 3054 sed
973 3009 1093 3056 secun·

69 3083 147 3146 dum
178 3100 250 3148 esso
282 3081 481 3164 particulare
515 3101 594 3147 non.
627 3080 708 3147 llum
732 3077 843 3146 anima
867 3081 915 3142 cst
938 3077 1093 3145 incorru-

70 3171 209 3252 ptibilis,
245 3173 345 3236 homo
382 3190 465 3249 non,
495 3174 528 3236 et
557 3171 603 3235 sic
633 3188 722 3235 mors
753 3171 786 3233 et
816 3167 985 3252 corruptio
1014 3171 1094 3235 sunt

71 3263 235 3328 naturales
259 3259 403 3344 corpori,
428 3279 495 3326 nou
521 3259 652 3326 animae.
