2620 4210
243 190 251 206 ,
284 120 350 195 aas
539 143 585 194 nx
609 139 777 196 secunus
803 136 981 196 secunus

246 211 291 230 ..t-

265 281 385 348 tuolsm.
414 282 449 365 ri„
472 279 540 361 Sic,
564 280 642 365 quia
665 301 706 346 ex
729 280 888 346 charitate
911 279 945 344 in
971 278 1093 360 Deum,
1117 285 1153 346 et
1177 281 1291 364 proxi·

264 389 367 447 ιιιιιιιι,
391 375 425 435 ct
447 370 578 437 illeeui
601 370 801 438 subvenitur
823 370 932 436 orabit
957 389 1015 452 pro
1039 370 1269 436 benefactore.

242 461 311 528 Art.
335 460 366 526 5.
391 459 442 525 Aa
465 460 536 527 dure
557 462 775 545 eleemosynam
796 463 841 526 sit
861 463 896 526 ia
917 466 1075 543 precepto.
1100 461 1137 544 ιι.
1164 459 1212 525 Ex
1237 481 1290 526 su-

263 550 399 633 perfluo,
424 554 457 614 et
479 551 632 617 existenti
656 552 692 617 in
716 554 863 616 extrema
887 550 1089 626 necessitate,
1103 550 1169 629 sic;
1194 569 1290 616 secus

262 642 310 705 est
332 638 517 706 consilium.

126 806 131 814 ,
240 729 310 797 Art.
333 727 364 796 6.
388 726 438 797 rio
466 733 534 814 pois
562 729 667 797 deleat
693 730 765 796 dors
794 731 1008 812 eleemosynam
1039 728 1074 796 ds
1103 734 1289 798 caenosis.

264 820 299 903 ri.
322 818 371 886 Dc
393 820 575 886 necessario
597 821 668 886 sine
691 838 757 905 quc
781 820 860 903 ipse,
883 821 935 886 vel
952 819 1001 885 sui
1018 821 1201 886 sustentari
1221 841 1287 886 non

264 913 413 992 possunt,
437 929 505 975 non
530 914 672 990 tenetur,
698 909 760 974 nisi
784 911 819 976 in
843 929 929 986 casu,
950 927 1019 993 ¹quo
1042 909 1157 975 dando
1176 910 1287 988 alicui,

262 1001 504 1066 sustentaretur
521 999 670 1079 Ecclesia,
682 1000 734 1065 vel
753 999 945 1082 respublica,
957 997 1034 1082 quia
1051 1000 1182 1064 bonum
1199 1019 1288 1066 corn·

262 1108 365 1156 mune
387 1094 436 1154 est
459 1089 703 1172 praelerendurn
727 1088 929 1172 particulari.
959 1088 1038 1154 item
1069 1088 1111 1154 dc
1131 1109 1287 1156 ,necessa-

262 1178 314 1244 ric
335 1178 407 1244 sine
437 1197 503 1263 quo
527 1179 610 1263 ipsc,
641 1183 674 1244 ct
703 1179 753 1245 sui
780 1180 918 1244 honeste
948 1179 1132 1244 secundurn
1161 1183 1285 1245 statum

262 1273 296 1333 et
317 1268 543 1334 conditionem
567 1272 703 1352 possunt
725 1268 919 1346 sustentari,
949 1269 1074 1334 bonurn
1105 1272 1156 1332 est
1188 1270 1285 1346 dare,

261 1359 319 1423 sed
342 1358 385 1424 dc
407 1358 554 1425 consilio.
578 1358 658 1424 ltern
681 1359 762 1424 dare
784 1359 846 1437 ita;
870 1362 908 1423 ιιι
931 1358 1029 1422 homo
1061 1376 1128 1424 non
1159 1378 1284 1424 conve·

263 1447 395 1513 nienter
428 1447 520 1514 vivat
553 1449 737 1515 secundum
770 1466 868 1514 suurn
901 1452 1040 1522 statunr,
1074 1451 1184 1529 polest
1220 1467 1286 1514 esse

263 1541 444 1620 peccatum.
475 1537 539 1604 Sed
569 1537 748 1621 excipitur:
779 1537 904 1620 primo,
931 1536 1066 1621 quando
1090 1541 1202 1602 rnutat
1224 1543 1284 1602 sla·

262 1633 344 1705 tum,
368 1631 406 1694 ιιι
428 1645 488 1712 per
510 1628 694 1713 ingressum
718 1627 886 1712 religionis
902 1627 985 1693 dans
1003 1626 1125 1705 omnia,
1142 1631 1194 1692 est
1213 1647 1284 1712 per·

262 1717 374 1797 lectio,
396 1720 553 1794 secundo,
576 1719 710 1802 quando
732 1718 775 1784 de
798 1716 884 1784 taciti
907 1715 1058 1782 resarciri
1076 1720 1201 1798 potest:
1222 1722 1284 1783 ter·

263 1807 318 1884 tio,
342 1809 477 1891 quando
499 1811 582 1874 esset
603 1811 752 1874 extrema
776 1804 949 1872 necessitas
966 1806 1104 1890 privatae
1121 1826 1282 1890 personae,

261 1897 313 1962 vel
337 1897 448 1982 aliqua
471 1898 643 1966 necessitas
667 1896 758 1980 lleip.

239 1986 306 2053 Art.
331 1987 363 2054 7.
385 1986 435 2054 An
454 1991 554 2072 possit
578 1988 649 2073 lteri
675 1988 861 2070 eleemosyna
895 1985 929 2052 ris
963 1987 1077 2069 injuste
1110 1987 1302 2077 accubitis.

264 2078 298 2162 rt.
321 2076 368 2142 De
390 2078 489 2143 certis
512 2089 593 2156 uon,
616 2079 657 2143 dc
681 2077 816 2144 incertis
837 2076 894 2154 sic,
918 2079 951 2141 et
973 2079 999 2141 si
1018 2095 1076 2159 per
1091 2077 1279 2144 simoniani.

262 2163 344 2230 'Dc
367 2166 532 2250 acquisitis
560 2186 619 2249 per
648 2166 873 2232 meretricium
905 2167 942 2230 ιιι
970 2167 1194 2252 eleemosyna,
1224 2167 1278 2230 sed

262 2273 329 2320 ιιοιι
358 2256 571 2336 sacrificium,
605 2258 655 2322 vel
683 2257 820 2332 oblatio,
850 2261 985 2339 propter
1011 2257 1226 2334 scandalum,
1248 2260 1278 2320 el

261 2346 493 2412 reverentiam.
530 2347 609 2412 ltcur
636 2346 699 2431 qut
736 2347 884 2414 lucratur
912 2346 947 2412 in
976 2347 1055 2411 ludo
1078 2347 1120 2412 ab
1142 2365 1200 2426 eo,
1225 2345 1277 2430 qui

260 2434 403 2502 alienare
428 2457 495 2504 non
521 2441 641 2521 potest,
671 2437 723 2502 vel
748 2457 766 2502 a
789 2436 928 2513 io'rioso,
958 2436 1009 2508 vel
1034 2437 1077 2501 ab
1093 2425 1155 2514 ‘eo,
1180 2454 1276 2522 quem

261 2526 361 2592 traxit
384 2527 426 2596 ad
450 2527 583 2609 ludum,
608 2531 644 2592 ut
667 2527 896 2593 fraudulenter
919 2527 1120 2603 lucraretur,
1146 2529 1277 2592 tenetur

261 2615 448 2696 restitucrc;
473 2616 535 2682 nisi
559 2618 725 2684 contraria
747 2617 953 2682 consuetudo
969 2616 1157 2700 praevaleat,
1174 2615 1276 2700 etqui

259 2723 337 2774 curu
361 2707 471 2774 traxit¹
484 2708 526 2773 ad
541 2705 668 2785 ludum,
684 2710 766 2772 tunc
784 2707 884 2772 debet
901 2706 1007 2772 lacere
1024 2706 1275 2791 eleemosynam,

259 2794 338 2880 quia
359 2797 416 2882 qui
440 2796 549 2866 amisit
571 2802 620 2864 est
643 2797 801 2880 indignus
819 2795 977 2880 recipcre,
994 2800 1027 2862 et
1043 2800 1274 2878 perstaturum

259 2885 328 2969 ipse
351 2887 495 2954 retinere
518 2907 586 2955 non
612 2891 726 2971 potest.
750 2885 830 2954 item
854 2887 889 2954 in
913 2890 1061 2952 extrema
1085 2886 1275 2954 necessitate

259 2974 371 3043 omnia
393 2983 473 3045 sunt
495 2977 693 3056 communia,
718 2980 751 3042 et
774 2980 880 3061 polest
902 2976 976 3062 quis
1002 2976 1044 3042 de
1067 2977 1178 3044 alieno
1202 2979 1275 3044 dare

260 3067 513 3152 eleemosynam.
736 3109 744 3126 .

236 3155 304 3224 Art.
327 3155 360 3224 8.
386 3157 435 3224 An
458 3161 525 3242 pois
547 3157 601 3226 sul
623 3160 725 3226 oltsssn
745 3163 891 3242 polestots
919 3158 1136 3241 porcillacae
1161 3157 1275 3226 ebenc-

257 3265 374 3329 spoom.
400 3250 436 3334 ri.
458 3249 539 3328 Non,
565 3249 628 3316 nisi
651 3251 692 3316 ‹le
708 3247 841 3315 licentia
855 3248 1048 3332 superiorls;
1061 3247 1120 3314 sed
1137 3249 1165 3316 sl
1183 3251 1275 3316 babel

258 3336 383 3422 aliquid
406 3338 588 3424 proprium,
613 3338 742 3406 ratione
764 3339 858 3423 cujus
882 3358 949 3404 non
972 3338 1093 3406 sitsub
1108 3342 1272 3421 potestate,

259 3430 375 3510 potest.

259 3520 269 3542 '
286 3515 462 3586 llouacbus
481 3537 548 3586 non
567 3523 672 3604 potest
687 3520 777 3591 dare.
793 3518 872 3605 quia
888 3539 956 3586 non
974 3519 1073 3586 babet
1089 3501 1273 3605 proprium;

259 3610 364 3689 potest
387 3612 497 3676 tamen
515 3611 594 3676 darc
610 3611 652 3676 de
668 3608 799 3677 licentia
816 3610 954 3693 prelati,
971 3609 1021 3676 vel
1038 3628 1205 3694 expressa,
1231 3611 1273 3672 ιιι
1297 3609 1298 3621 ’

257 3697 473 3780 probabiliter
497 3703 706 3785 prcsrrmpta,
731 3700 782 3765 vel
807 3700 841 3766 in
867 3718 942 3766 casu
968 3700 1183 3767 necessitatis
1203 3701 1271 3766 ltem
