2608 4220
238 109 305 178 562
552 130 597 178 ux
624 116 889 180 surrnununro

215 249 387 330 palpabile,
413 253 450 313 nt
473 249 558 316 illud
580 247 711 327 Christi,
733 251 794 334 sed¹
823 249 931 314 estin
964 254 1119 332 potestate
1151 253 1236 318 beati

213 337 399 416 immutare,
424 338 477 403 vel
502 359 572 405 non
597 339 775 406 immutare
796 358 929 405 sensum
954 343 1074 417 motus,
1104 342 1162 406 sed
1195 362 1236 406 ex

213 427 337 493 virtute
359 426 474 494 divina
500 430 599 494 habet
626 447 746 511 corpus
761 429 951 514 gloriosum,
976 437 1102 495 utnon
1126 431 1238 513 palpe-

212 518 268 581 tur
291 537 309 582 a
331 536 470 602 corpore
495 537 564 584 nou
588 519 738 602 gloriose.

534 695 715 782 consuo
738 695 900 767 cxxxiv.

511 877 602 942 De
627 881 900 959 agilitate

366 981 703 1048 corporum
714 973 1051 1036 beatorum.

184 1139 256 1210 Art.
279 1143 309 1208 l.
331 1142 381 1212 Aac
403 1164 530 1230 corporo
551 1145 687 1230 glorioso
708 1149 776 1214 siot
800 1149 908 1231 saturo
941 1144 1079 1228 agibilia.
1104 1147 1141 1230 rt.
1164 1143 1231 1226 Sic,

205 1251 266 1316 per
279 1235 392 1302 dotem
403 1237 576 1320 glorificati
590 1238 748 1321 corporis,
764 1256 840 1321 quae
851 1240 900 1302 est
915 1237 1071 1319 perfectio
1087 1235 1231 1300 effluens

204 1321 240 1388 in
264 1343 383 1407 corpus
405 1327 448 1392 ab
469 1324 580 1392 anima
602 1326 751 1410 gloriosa,
775 1327 830 1393 cui
854 1325 919 1390 erit
948 1324 1086 1391 omnino
1115 1324 1232 1392 subie-

101 1457 104 1462 -
202 1417 304 1492 ctum,
328 1418 365 1480 ut
386 1414 429 1480 sit
452 1415 509 1481 ubi
533 1415 607 1482 vult
629 1417 752 1496 anima,
776 1420 815 1480 ut
837 1414 973 1482 motrix.

203 1501 278 1568 *Et
300 1504 460 1570 dicuutur
482 1504 561 1570 lerri
586 1505 628 1570 ab
650 1503 793 1590 Angelis,
826 1509 865 1570 ut
899 1507 1106 1572 monstretur
1133 1522 1231 1570 reve·

202 1592 321 1673 rentia,
344 1612 419 1677 quae
442 1596 585 1662 debetur
607 1593 663 1675 eis,
687 1600 721 1661 et
743 1613 805 1678 per
827 1596 914 1662 banc
936 1595 1048 1660 dotem
1072 1592 1230 1678 agilitatis

201 1701 321 1765 corpus
343 1683 496 1750 redditur
528 1690 644 1769 aptum
673 1704 744 1752 non
773 1684 881 1752 solum
915 1685 957 1750 ad
992 1687 1131 1761 motum,
1167 1686 1229 1750 sed

201 1771 301 1838 etiam
324 1774 611 1853 adsentiendum,
634 1776 734 1841 etad
757 1793 872 1842 omnes
895 1773 974 1838 alias
1004 1772 1230 1856 operationes,

200 1864 235 1926 et
256 1865 318 1928 hoc
340 1862 476 1929 dabitur
499 1886 518 1930 a
536 1864 603 1931 Deo
627 1864 662 1929 in
679 1864 881 1949 proprietate
897 1861 1020 1946 gloriae.

177 1947 246 2020 Art.
268 1953 300 2021 2.
323 1952 373 2020 Aa
394 1957 496 2020 sconti
517 1953 681 2038 aliquando
703 1961 832 2022 obortu
853 1970 909 2021 suo
919 1953 1071 2036 agilitate,
1083 1953 1130 2020 lto
1146 1952 1230 2035 pund

177 2070 184 2104 J
198 2051 384 2110 moveantur.
409 2046 445 2127 rt.
458 2044 521 2123 Sic,
545 2045 623 2130 quia
646 2046 822 2129 resurgent
845 2045 887 2110 ad
911 2043 1042 2121 coelum,
1066 2041 1229 2110 cleliam

199 2132 235 2198 in
258 2135 340 2199 coelo
364 2151 424 2216 pro
447 2153 506 2200 sua
537 2135 708 2200 voluntate
746 2133 984 2210 movebuntur,
1024 2135 1059 2196 et
1091 2150 1229 2214 semper

199 2226 300 2288 erunt
314 2222 410 2300 beati,
435 2223 513 2306 qnia
536 2223 659 2308 ubique
682 2223 787 2288 Deum
811 2221 985 2298 videbunt,
1009 2224 1042 2286 et
1066 2223 1127 2286 hoc
1153 2241 1227 2290 uon

199 2316 334 2395 propter
357 2311 587 2395 indigentiam,
610 2313 668 2378 sed
691 2317 729 2378 ut
744 2311 958 2377 manifestent
973 2309 1132 2376 virtutem
1150 2329 1228 2376 mo·

197 2396 301 2467 tinam
323 2401 359 2468 in
383 2402 484 2484 ipsis:
506 2422 569 2469 nec
593 2404 702 2468 motus
726 2401 835 2467 localis
859 2399 984 2484 aliquid
1019 2398 1143 2464 minuit
1179 2401 1226 2466 de

197 2491 374 2558 stabilitate
396 2491 518 2558 animae
541 2491 577 2558 in
600 2493 678 2570 Deo,
702 2495 735 2555 et
763 2508 894 2574 semper
928 2490 1049 2572 gaudet
1081 2490 1124 2556 de
1147 2488 1227 2556 loco
1292 2549 1293 2582 ,

195 2579 258 2645 sibi
283 2582 394 2647 debito
417 2600 459 2645 ex
482 2580 617 2660 meritis,
641 2580 719 2644 licet
742 2579 777 2644 in
802 2579 865 2644 alio
888 2578 957 2644 loco
980 2577 1032 2644 sit.

173 2667 245 2736 Art.
268 2669 300 2736 3.
323 2669 372 2738 Ac
394 2674 493 2736 scorti
515 2675 693 2738 moveantar
715 2671 751 2736 io
768 2670 910 2736 instanti.
936 2670 971 2751 rt.
994 2667 1076 2746 Non,
1098 2667 1159 2732 sed
1182 2667 1224 2734 iu

195 2763 347 2843 tempore
370 2760 624 2843 imperceptibili
647 2763 785 2842 propter
818 2759 870 2824 sui
893 2757 1109 2834 brevitatem,
1137 2757 1225 2840 qnia

195 2849 345 2916 medium
367 2855 416 2915 cst
437 2849 611 2929 divisibile,
635 2849 682 2916 sic
711 2853 745 2913 et
769 2853 893 2926 motus;
928 2866 990 2912 uec
1025 2844 1144 2914 transit
1176 2847 1225 2912 de

193 2938 266 3004 loco
289 2941 331 3006 ad
354 2939 462 3005 locum
484 2939 556 3004 sine
580 2938 698 3024 medio,
720 2937 806 3005 sicut
828 2936 906 3002 facit
928 2938 1137 3015 voluntas,et
1152 2933 1225 3002 Au·

193 3028 285 3112 gelus
307 3029 365 3112 qui
389 3029 557 3113 aequivoce
578 3028 703 3096 dicitur
726 3046 795 3094 esse
812 3025 849 3092 in
872 3026 943 3091 loco
967 3031 1118 3110 respectu
1141 3044 1225 3091 cor-

192 3117 292 3200 poris.
316 3117 406 3197 ltem,
430 3119 506 3184 licet
528 3121 601 3202 post
623 3117 901 3186 resurrectionem
937 3135 1005 3184 nou
1032 3115 1097 3182 erit
1129 3117 1225 3180 tem-

192 3225 264 3290 pus,
288 3209 377 3292 quod
392 3212 441 3272 est
463 3227 623 3276 numerus
645 3212 755 3274 motus
777 3205 861 3284 coeli,
875 3210 985 3272 tamen
1003 3205 1067 3272 erit
1083 3208 1225 3291 tempus

191 3315 395 3384 consurgens
411 3317 453 3364 ex
476 3297 661 3382 posteriori,
684 3301 717 3364 et
740 3295 854 3380 priori.
