2614 4190
38 219 301 240 ..........-
473 136 549 195 orvr
572 130 717 196 raone.
995 114 1062 193 no

63 263 155 332 Hoc
176 272 224 332 est
244 283 352 348 corpas
372 282 479 332 meam.
504 266 539 350 ri.
562 262 625 342 sie,
648 262 726 347 qnia
754 261 916 346 signifieat
938 261 995 342 id,
1017 262 1106 345 quod

63 355 203 434 efficit,
226 356 311 421 idest
333 355 583 421 conversionem
606 354 640 418 in
664 353 750 418 laeto
772 371 851 418 esse.

32 439 134 510 Art.
160 444 193 512 3.
220 443 269 510 Aa
291 448 362 512 loeo
384 447 428 511 sio
450 445 629 511 conveniens
652 445 752 525 [orma
772 443 1011 508 comparationis
1024 442 1103 522 vini,

65 532 149 599 Hie
172 540 220 600 eet
239 535 322 601 eolis
344 535 504 619 neapolitis
526 536 586 600 mei
608 535 700 613 aovi,
724 540 779 600 oto.
804 534 839 616 ri.
864 528 918 596 Sie
946 530 1023 617 quia
1049 530 1107 596 lle·

66 623 188 688 cleeia
212 627 254 690 ah
277 621 433 706 Apostolis
456 624 591 706 aceepit.
614 621 676 686 Per
699 621 807 706 prima
840 623 942 687 verha
980 619 1107 703 signill-

65 717 186 778 eatur
208 715 379 780 conversio
403 714 439 779 in
460 712 667 798 sanguinem,
680 731 740 795 per
751 709 868 776 ultima
883 711 1019 776 effeetus
1033 728 1110 775 san·

69 801 202 881 guinis
224 801 328 869 effusi.

68 887 93 918 *
126 891 341 975 Evangelistae
359 885 483 958 'texunt
506 889 685 970 historiam,
708 892 832 956 et'non
848 889 1107 956 intenduntior·

69 996 158 1046 mas
182 985 465 1048 sacramentorum
486 980 578 1060 dare,
600 999 681 1065 quas
696 979 890 1063 expediebat
905 997 974 1044 esse
996 979 1106 1044 oeeul·

70 1073 147 1224 {aa
171 1074 206 1135 et
220 1070 306 1136 sumi
329 1091 370 1136 ex
393 1071 531 1137 diversis
553 1071 632 1136 loeis
654 1069 848 1158 scripturae,
872 1072 905 1136 et
927 1067 1106 1134 traditione

110 1160 250 1225 eclesiae.

37 1246 131 1316 Art.
156 1248 190 1316 l.
216 1247 265 1317 An
288 1253 323 1317 ia
344 1250 443 1318 verbis
464 1253 631 1336 formarum
654 1252 735 1317 insit
754 1250 858 1334 aliquo
872 1251 919 1317 oia
937 1255 1039 1316 creato
1059 1249 1102 1332 es·

73 1338 200 1422 sectivo
222 1343 468 1409 contemtionis.
494 1343 531 1425 ri.
553 1340 614 1420 Sie,
628 1341 687 1406 sed
709 1339 979 1418 instrumentalis,
1002 1357 1101 1422 qnam

73 1431 213 1496 hahent
236 1449 276 1495 ex
299 1432 457 1497 mandato
480 1429 614 1509 Christi,
643 1429 727 1496 sient
750 1434 799 1495 est
828 1429 864 1495 in
894 1428 971 1512 ipsis
1000 1447 1104 1494 saera·

75 1518 219 1602 mentis,
241 1521 299 1586 sed
321 1519 510 1604 principalis
533 1519 678 1586 efficiens
696 1523 744 1585 est
756 1518 863 1584 virtus
874 1516 1017 1603 Spiritus
1031 1537 1106 1584 san·

39 1629 43 1636 ·
75 1608 140 1675 eti.
165 1609 247 1674 ltem
271 1614 420 1676 ereatura
444 1629 513 1676 non
528 1609 596 1694 agit
614 1628 715 1692 opera
730 1608 936 1691 miraculosa,
953 1611 990 1675 ut
1004 1625 1105 1692 agens

75 1698 281 1783 principale,
303 1700 362 1766 sed
383 1701 423 1765 ut
446 1699 705 1765 instrumentum
712 1718 722 1779 ;
744 1699 804 1766 sed
822 1717 890 1765 non
906 1695 1102 1763 initinstru·

75 1791 239 1854 mentum
261 1788 298 1855 in
321 1789 538 1873 eoneeptione
561 1788 707 1873 eorporis
730 1787 859 1869 Christi,
883 1785 984 1854 velin
1010 1805 1100 1852 erea-

79 1878 180 1944 tione
202 1877 332 1945 mundi.
356 1878 435 1945 ltem
459 1879 565 1945 virtus
594 1881 774 1946 verborum
804 1880 853 1944 est
881 1875 1036 1960 simplex,
1071 1878 1105 1941 et

75 1965 257 2053 perficitur
278 1967 314 2035 in
338 1967 457 2037 ultima
479 1969 663 2054 prolatione
684 1987 760 2036 eum
784 1967 902 2034 ordine
922 1967 965 2034 ad
974 1971 1104 2051 'proee-

78 2058 210 2126 dentia.
578 2066 580 2072 ’
910 2072 915 2090 ’
981 2081 984 2088 ’

51 2147 131 2216 Art.
155 2147 189 2216 t.
213 2145 263 2216 ao
281 2147 455 2234 praedictae
479 2149 732 2218 toartiooes'siot
750 2167 848 2217 verm.
862 2149 897 2234 rt.
921 2145 986 2229 Si'e,
1002 2149 1043 2213 et
1053 2163 1103 2212 sa-

77 2238 201 2305 oerdos
225 2258 294 2305 non
318 2239 373 2306 illa
396 2239 512 2307 recitat
534 2239 770 2322 materialiter,
796 2239 896 2324 ,quast
930 2235 1102 2320 illachri·

4 2371 6 2402 .
77 2331 153 2396 stns
176 2327 321 2408 dixisset,
344 2330 401 2397 sed
424 2329 549 2414 profert
572 2330 794 2415 conficiendo,
818 2330 852 2394 et
874 2330 999 2395 habent
1020 2325 1101 2408 vim,

2 2419 3 2493 ᾗ
78 2438 122 2485 ae
146 2417 176 2484 si
197 2419 460 2502 praesentialiter
479 2418 626 2485 Christus
649 2420 822 2506 proferret,
845 2417 930 2483 sieut
953 2415 1100 2484 Christus

2 2546 4 2555 ,
78 2512 225 2594 tangens
248 2527 348 2594 aquas
371 2509 463 2574 dedit
485 2504 555 2574 vim
577 2506 806 2575 sanctificandi
829 2507 984 2573 omnihus
1007 2504 1101 2590 aquis

77 2613 189 2682 usque
211 2597 253 2664 ad
275 2599 378 2664 tinem
400 2597 630 2666 mnndi.ltem
654 2599 689 2684 ly
711 2601 783 2678 hoe,
807 2595 922 2678 etheit,
945 2595 1035 2680 quod
1057 2594 1102 2660 si·

3 2746 7 2755 .
78 2689 228 2774 gnificat,
251 2684 397 2754 identat
419 2687 465 2753 ihi
488 2687 531 2753 sit
553 2705 672 2771 eorpus
687 2685 817 2766 Christi,
836 2690 870 2752 et
885 2704 953 2753 non
969 2687 1101 2752 tantum

2 2780 7 2861 j
79 2779 120 2844 ut
143 2776 287 2862 signum,
310 2778 399 2863 quod
423 2781 506 2842 esset
529 2776 743 2846 haereticum.
880 2811 883 2818 ·
924 2807 928 2816 ·

53 2865 128 2936 Art.
153 2865 185 2934 o.
209 2867 260 2932 Aa
279 2869 380 2952 'formo
401 2869 638 2934 consecrationis
658 2869 750 2952 ponis
777 2871 977 2950 consequatur
1010 2883 1099 2931 eoam

77 2958 219 3040 effoetum
243 2964 403 3041 antequam
424 2956 546 3023 dicotur
567 2961 667 3042 [orma
688 2958 860 3041 soopotots.
877 2957 914 3044 a).
927 2953 992 3036 Sie,
1015 2954 1100 3020 idest

4 3032 9 3132 Ξ
77 3065 203 3131 eorpus
226 3065 267 3112 ex
289 3047 324 3112 vi
348 3048 539 3126 verborum,
562 3047 695 3133 sangnis
718 3065 778 3131 per
797 3044 1099 3136 eoneomitantiam.

5 3150 9 3216 ἑ
77 3137 93 3166 '
116 3135 449 3204 lloesaeramentum
472 3141 650 3203 estonum
688 3134 905 3220 perles-tione,
943 3136 1098 3201 eonstens

5 3225 6 3229 ’
77 3245 122 3293 ex
146 3225 246 3306 eiho,
283 3228 317 3291 et
339 3229 445 3314 potu,
475 3245 617 3311 qnorum
641 3229 811 3310 utrunque
834 3245 893 3310 per
926 3244 961 3290 se
998 3224 1100 3289 hahet

6 3337 9 3427 l
78 3314 332 3402 perfectionem
354 3335 427 3410 ‚non
451 3315 497 3382 sie
520 3315 609 3384 trina
631 3314 798 3384 immersio
821 3314 856 3383 in
880 3313 1053 3400 baptismo.

5 3442 13 3711 l
