2652 4198
309 93 315 101 '
439 117 514 173 mm
538 118 685 173 ruoum.
710 119 713 126 ·
995 103 1042 174 77

76 269 231 356 itemque
255 276 397 356 possunt
420 291 487 340 esse
510 273 635 341 occasio
658 273 817 360 peoeandi
844 274 932 342 liunt
954 295 974 342 a
997 273 1082 358 Deo,

75 363 103 424 ut
123 362 260 428 mundus
283 362 328 428 sil
352 363 526 446 perlectus,
553 367 587 430 el
609 365 687 448 quin
709 364 795 431 Deus
817 385 859 431 ex
881 365 968 432 malo
991 366 1083 433 oolli-

76 449 113 532 git
131 451 263 519 bonum.

59 537 109 604 lrt.
128 537 156 605 l.
177 537 226 608 Aa
249 543 366 610 melier
389 541 526 610 debuerit
544 547 616 627 lteri
637 562 657 611 o
679 546 763 612 otro:
782 545 817 631 ri.
841 543 905 622 Sto,
921 544 985 612 luit
1001 565 1080 614 oon·

73 629 191 696 veniens
220 635 265 699 ob
295 635 416 713 urulta3
449 633 516 700 Eva
548 654 616 701 oon
646 635 710 701 luit
744 635 933 720 propinqua
960 634 1081 717 Adam,

74 718 224 801 quianon
249 740 313 806 per
336 723 598 806 generationem.

59 805 109 872 lrt.
129 808 157 876 3.
178 809 227 878 Ao
249 813 365 888 mulier
388 811 523 880 debuerit
545 817 677 898 memori
700 833 739 882 eo
762 822 845 882 rosto
866 815 940 883 oiri.
966 817 1001 901 ri.
1016 814 1079 910 sio,

74 897 136 980 quia
154 901 255 982 sooia3
281 921 353 969 nou
377 922 418 968 ex
440 903 559 988 eapite,
582 905 659 988 quia
683 923 751 972 nou
776 904 927 984 domina;
954 924 1016 971 neo
1039 925 1079 970 ex

75 988 150 1068 pede,
171 990 247 1074 quia
272 1012 343 1058 non
366 1011 478 1057 serva:
504 997 536 1058 et
560 995 602 1058 oh
626 993 838 1061 Sacramenta
862 1013 938 1080 quae
969 995 1012 1060 de
1034 994 1080 1059 lu·

76 1079 131 1140 tere
150 1076 266 1147 Christi
292 1083 477 1148 linxerunt.
674 1089 678 1094 '

58 1162 110 1231 lrt.
131 1167 158 1234 l.
178 1165 226 1235 Ao
249 1171 364 1238 matter
382 1173 483 1256 suerit
504 1172 673 1242 immediato
691 1174 823 1258 lormoto
838 1193 857 1240 a
872 1171 946 1241 Deo.
965 1175 1000 1259 rt.
1016 1171 1080 1253 sn,

76 1258 104 1318 ut
121 1255 225 1340 idom,
251 1280 316 1327 neo
340 1261 448 1344 potuit
470 1283 489 1329 a
512 1268 664 1331 ereatura
687 1263 833 1330 formari.

407 1419 587 1528 Quusuo
610 1441 710 1511 xeur.

199 1623 294 1688 De
320 1623 457 1706 fine,
484 1576 618 1694 sive
643 1627 911 1692 termine

189 1713 620 1822 productionis
643 1718 925 1784 hominio.

64 1881 113 1956 lrt.
133 1889 159 1962 l.
180 1893 227 1963 lo
250 1891 353 1980 imoqo
376 1895 437 1964 Dei
458 1898 503 1962 stt
524 1897 559 1962 to
581 1896 712 1963 nomon.
738 1895 774 1978 tl.
796 1892 859 1972 Sio,
882 1892 941 1959 sed
955 1891 1079 1976 imper·

78 1977 157 2063 lecu,
189 2005 252 2053 neo
285 1989 470 2055 seeundum
488 1993 491 2000 '
507 1987 709 2070 aequalitem,
736 1981 815 2068 quia
843 1982 943 2049 distat
969 1999 988 2049 a
1011 1982 1079 2050 Deo

81 2064 197 2142 infinite.

80 2155 233 2232 'Verbum
250 2163 306 2233 'est
329 2167 473 2253 perlecta
498 2165 605 2250 imago
637 2164 697 2232 Dei
712 2183 798 2230 oum
821 2161 995 2232 identitate
1019 2183 1078 2232 ua·

80 2247 156 2396 fure,
178 2261 210 2321 et
233 2275 302 2322 nou
326 2261 375 2322 est
397 2257 439 2323 ad
464 2255 657 2341 imaginem:
688 2254 723 2321 in
746 2254 905 2322 creaturis
928 2258 977 2319 est
999 2273 1078 2321 ana·

89 2355 171 2421 oum.

66 2421 114 2493 lrt
132 2431 160 2500 Ξ.
179 2432 227 2502 An
257 2436 358 2519 imoqo
387 2437 561 2521 reuertatur
577 2436 626 2502 'io
653 2437 803 2504 creaturis
829 2433 1075 2503 irrationalibus.

83 2515 195 2605 tillon,
219 2524 284 2594 uisi
308 2526 508 2610 imperfecte,
532 2526 610 2611 quia
633 2526 741 2612 imago
763 2530 813 2592 est
834 2525 1016 2592 similitudo
1035 2545 1075 2590 ex

82 2605 128 2673 alio
147 2631 296 2699 expressa
317 2616 500 2682 seeundum
525 2615 685 2699 speeiem,
713 2617 767 2682 vel
794 2614 967 2700 proprium
991 2613 1076 2680 aoei-

82 2693 157 2782 deus,
180 2722 236 2771 seu
269 2706 425 2790 liguram
451 2710 487 2771 et
508 2705 555 2770 sio
577 2706 700 2772 vermis
723 2725 792 2772 non
816 2708 865 2770 est
887 2705 995 2788 imago
1019 2706 1077 2770 ho·

83 2785 168 2872 nino,
187 2794 264 2860 lieet
286 2814 328 2860 ex
351 2794 421 2878 ipso
444 2799 633 2878 generetur,
656 2796 714 2862 sed
736 2797 836 2862 homo
851 2792 911 2861 Dei
925 2793 982 2874 sle,
998 2792 1076 2878 quia

82 2877 146 2959 trull
163 2887 199 2948 ut
220 2883 319 2950 Deus.
930 2951 932 2956 .

77 2961 125 3033 lrt.
145 2969 172 3040 i.
193 2972 243 3042 Ao
266 2975 380 3060 noetus
402 2975 448 3042 stt
467 2977 566 3060 moute
587 2975 626 3042 ott
647 2976 882 3044 sterilitatium
899 2973 970 3055 liei,
986 2991 1075 3058 quom

84 3053 156 3129 luno.
178 3065 211 3150 ri.
232 3064 295 3145 Sio,
318 3063 398 3151 qula
421 3065 457 3131 in
480 3085 520 3133 eo
543 3067 720 3150 perleotior
743 3073 880 3134 natura:
905 3067 1003 3130 homo
1024 3083 1076 3131 se·

83 3151 202 3218 eundum
224 3154 307 3240 quid
328 3159 378 3221 est
400 3153 538 3224 similior
559 3155 639 3235 Deo,
663 3154 911 3243 quam'ltngeli.

70 3227 117 3300 lrt
138 3238 164 3322 l.
192 3241 242 3310 rio
276 3246 377 3329 imaro
404 3243 465 3311 Dei
497 3247 676 3313 investiatur
710 3249 745 3313 in
778 3246 913 3332 quotibet
944 3245 1075 3311 nomina.

87 3321 111 3404 i·
134 3325 194 3412 Sir,
221 3333 301 3419 quia
325 3335 361 3400 in
389 3335 537 3419 quolibet
562 3337 611 3402 est
641 3335 793 3419 aptitudo
820 3337 863 3403 ad
887 3333 1076 3417 intelligen-
1130 3373 1133 3386 ι

85 3411 160 3504 lun,
188 3427 221 3488 et
252 3422 434 3490 amandum
469 3424 591 3502 Deum,
625 3425 683 3492 sed
717 3425 752 3492 in
778 3424 873 3514 Justis
896 3427 947 3490 est
969 3423 1076 3506 imago

86 3511 276 3601 recreationis,
299 3517 445 3599 quaeest
468 3513 502 3581 in
527 3514 654 3596 habitu,
678 3518 712 3580 el
730 3515 765 3582 in
783 3514 887 3583 beatis
901 3514 951 3579 est
966 3510 1074 3594 imago
1144 3569 1148 3572 .

85 3600 238 3670 munuum
261 3607 372 3672 aetum
396 3601 522 3689 glorie.
660 3619 663 3626 ·
698 3600 700 3606 ’
816 3611 818 3618 ’

73 3675 119 3746 m.
137 3685 163 3756 t.
183 3690 229 3760 An
251 3695 287 3764 io
313 3695 434 3764 lomim
462 3697 505 3762 sit
531 3696 632 3784 imaue
660 3695 721 3767 Dei
754 3694 853 3782 qumod
891 3691 1075 3763 litatorem
