2652 4198
248 63 293 132 98
560 75 606 128 nx
630 73 740 151 rernm
764 73 883 130 ruere

203 235 273 305 Art.
298 233 328 303 3.
353 233 404 301 Ao
433 251 560 318 corporo
589 233 719 300 colestia
745 237 811 300 sint
837 252 927 317 corno
954 253 1072 318 eorum,
1105 253 1170 319 poe
1202 235 1252 301 iio

216 321 263 392 'in
297 323 496 410 inferioribus
530 326 619 408 fiunt.
656 325 691 409 ιι.
726 323 794 403 Sic,
819 326 897 410 quia
920 329 1058 391 movent
1080 325 1168 404 haec,
1191 325 1251 390 sed
1316 361 1317 364 =

227 433 296 484 nou
321 419 400 482 sunt
424 415 530 498 prima
552 433 650 482 eausa
673 413 905 500 generationis.
933 413 1013 481 item
1038 413 1193 493 materia,
1219 417 1252 480 et
1316 421 1317 426 ’

227 505 385 592 quicquid
409 503 464 571 hio
486 507 638 588 generat,
670 509 748 570 sunt
781 505 871 570 velut
902 505 1124 571 instrumenta
1154 504 1252 570 coele·

226 595 337 660 stium.
363 595 441 660 item
466 595 600 664 ellectus
624 599 788 660 astrorum
815 593 849 658 in
881 595 1111 678 corporalibus
1132 613 1252 660 secun·

229 686 310 751 dum
340 684 506 752 diversam
538 684 685 749 materiae
714 682 977 767 dispositionem,
1013 684 1092 752 hinc
1127 681 1252 766 gemini

227 776 290 847 sub
301 793 368 840 una
384 771 633 842 constellatione
649 793 735 838 unus
754 777 802 840 est
818 775 990 851 masculus,
1004 775 1087 840 alter
1102 771 1251 838 foemina.

205 863 274 933 Art.
299 859 330 930 l.
354 861 403 931 An
426 881 553 968 eprpora
569 864 699 930 coelestio
713 866 780 930 sint
793 883 883 946 corso
898 863 1101 937 tonnitorum
1116 870 1252 932 ortuum

229 957 264 1040 ιι.
288 946 369 1033 Νόιι,
393 953 470 1038 quia
494 953 679 1037 intellectus
703 959 736 1019 et
760 939 913 1024 voluntas
928 957 1037 1022 essent
1052 954 1252 1036 corporales,

228 1047 265 1110 ut
287 1063 410 1109 sensus.
436 1043 515 1108 ltem
540 1061 608 1108 non
632 1047 716 1108 esset
738 1041 881 1109 liberum
904 1042 1091 1122 arbitrium,
1116 1041 1181 1109 nisi
1201 1042 1254 1107 in·

228 1133 370 1211 directe,
395 1131 429 1198 id
453 1135 512 1211 ost,
536 1147 595 1215 per
619 1135 823 1216 phantasma.
849 1125 929 1199 lt'em
953 1093 1128 1227 Astrologi,
1153 1132 1227 1198 ut
1218 1151 1254 1196 ιιι

228 1217 393 1306 plurimis,
425 1225 459 1286 et
489 1221 632 1288 maxime
656 1222 691 1288 in
717 1224 886 1289 communi
910 1221 1048 1316 possunt
1071 1222 1256 1306 praedicere

228 1331 322 1390 vera,
352 1307 429 1397 quia
456 1310 607 1378 homines
630 1309 852 1379 communiter
876 1317 1062 1416 sequuntur
1087 1311 1255 1396 passiones

227 1420 396 1478 sensuum,
419 1400 461 1466 ad
485 1420 559 1486 quae
583 1407 720 1485 possunt
743 1389 912 1486 cooperari
936 1400 1023 1480 coeli,
1045 1403 1101 1468 sed
1118 1400 1254 1486 sapiens

227 1489 455 1558 dominabitur
489 1491 599 1570 astris,
635 1497 799 1576 quatenus
831 1491 1059 1584 dominabitur
1086 1491 1152 1556 suis
1182 1510 1256 1574 pas·

228 1576 387 1647 sionibus.

156 1719 160 1724 »
209 1668 332 1739 Aret.
357 1669 408 1735 tn
437 1667 565 1752 corporo
591 1671 723 1737 coelestio
749 1675 871 1760 possint
899 1675 1073 1756 imprimo-re
1104 1674 1137 1737 in
1175 1672 1257 1754 ipsos

231 1759 386 1843 demones.
413 1761 448 1842 ιι.
472 1759 557 1840 Non,
582 1781 645 1826 neo
667 1780 727 1846 per
749 1781 801 1841 sc,
825 1782 888 1828 nec
911 1782 971 1846 per
994 1761 1163 1842 accidens,
1192 1779 1258 1825 nec

229 1834 364 1955 directe,
389 1869 451 1918 nec
474 1849 647 1932 indirecte,
669 1853 748 1938 quia
768 1871 835 1920 non
852 1854 1044 1919 subduntur
1058 1850 1160 1929 coelis,
1177 1869 1258 1916 cum

135 1996 138 2002 .
228 1939 334 2006 sint
324 1939 401 2024 rpsis
426 1939 623 2024 superiores.
652 1939 732 2008 item
760 1942 925 2009 daemones
940 1961 1026 2029 cum
1049 1942 1174 2007 vexant
1197 1942 1259 2006 ho·

90 2054 93 2062 ·
230 2028 337 2094 mines
360 2033 505 2095 utuntur
527 2030 671 2097 motibus
695 2031 779 2112 coeli,
803 2034 836 2096 et
850 2033 950 2112 lunae,
967 2020 1026 2098 ιιι
1037 2035 1075 2097 ιιι
1090 2031 1259 2096 infament

230 2121 396 2184 creaturas
427 2117 500 2198 Dei,
533 2121 585 2185 vel
612 2121 651 2186 ut
673 2121 817 2186 habeant
841 2125 970 2206 paratas
993 2111 1159 2208 passiones
1182 2138 1260 2186 cor·

143 2271 147 2282 ,
230 2225 360 2290 porum.
1316 2265 1317 2288 ,

207 2298 278 2364 Art.
302 2296 333 2363 6.
363 2299 411 2364 Ao
441 2314 569 2380 corporo
596 2298 728 2366 celestio
761 2303 922 2392 imponant
950 2305 1156 2368 necessitatem
1186 2303 1260 2382 tis,

231 2406 295 2470 quoe
319 2405 423 2454 corum
445 2387 615 2453 notionibus
636 2407 672 2454 su
674 2387 816 2456 1ι.ι1ιιιιιιιι
843 2391 877 2473 ιι
901 2391 997 2456 Nec
989 2411 1023 2456 m
1046 2389 1259 2474 voluntariis,

231 2495 293 2542 uec
317 2476 351 2542 in
377 2477 599 2556 naturalibus,
623 2479 666 2544 ad
689 2499 763 2565 quae
786 2499 821 2544 se
844 2482 995 2546 extendit
1018 2480 1164 2586 operatio
1197 2481 1261 2545 ho·

134 2572 136 2578 ’
230 2563 344 2646 minis,
374 2565 552 2649 imponunt
577 2568 820 2647 necessitatem,
851 2569 918 2635 imo
949 2586 1011 2639 nee
1034 2570 1070 2638 in
1095 2569 1262 2636 naturali·

230 2656 293 2720 bus
315 2654 392 2739 quia
415 2656 589 2722 deficiente
613 2676 681 2724 una
703 2677 818 2738 causa,
843 2679 910 2726 non
934 2661 1085 2745 sequitur
1108 2659 1261 2738 eftectus,

231 2745 264 2809 et
286 2743 351 2811 tale
372 2742 556 2831 impediens
578 2749 775 2832 potestesse
798 2767 857 2834 per
879 2749 1041 2816 accidens.
1126 2767 1137 2776 ·

583 2925 763 3012 Quusuo
786 2924 887 2998 cxvi.
965 3030 968 3038 Ι

608 3111 699 3176 De
723 3112 865 3178 fato.

211 3284 281 3356 Art.
306 3286 336 3354 1.
360 3283 410 3356 An
432 3288 531 3373 fotum
552 3289 597 3356 ιιι
616 3289 744 3376 aliquid.
770 3293 805 3376 ιι.
828 3291 883 3360 Est
905 3289 1118 3378 providentia
1141 3289 1262 3358 divina

233 3376 347 3445 omnia
372 3377 533 3446 ordinans
560 3379 601 3446 ad
629 3397 704 3448 suos
726 3380 825 3468 fines,
848 3383 906 3449 sed
927 3381 1039 3449 Sancti
1062 3400 1131 3449 non
1155 3383 1263 3450 utun·

234 3469 292 3536 tur
314 3469 376 3535 bae
398 3485 480 3535 voce
502 3469 612 3554 feton,
637 3473 674 3536 ut
696 3488 844 3538 errorem
868 3473 989 3538 vitent.

236 3553 373 3626 *Casus
399 3559 432 3625 et
458 3557 593 3628 fortuna
619 3551 778 3629 dicuntur
808 3564 958 3650 respectu
981 3563 1024 3630 ad
1046 3559 1158 3639 causas
1182 3581 1263 3648 pro·

242 3651 375 3730 xlmas,
381 3663 450 3718 non
473 3647 625 3737 respectu
648 3649 690 3718 ad
710 3653 954 3739 providentiam
969 3649 1266 3744 uternensem

244 3736 326 3810 dum
348 3755 450 3832 ιιιιιιι
472 3738 557 3816 nibil
579 3742 703 3814 ιιιιιιιι
724 3742 776 3822 ut.
954 3757 959 3764 ·
