2608 4220
431 119 508 170 mvt
533 117 680 170 aunum.
965 101 1032 172 557

54 233 225 322 paraliam,
249 233 379 302 lateant
413 236 546 318 aliquam
582 236 753 303 naturalem
783 239 1015 306 inclinationem
1037 240 1077 306 ml

62 328 197 392 animam
219 344 294 410 anae
332 328 375 390 rie
407 329 618 409 ooninnartnr.
644 328 679 410 rt.
713 327 799 406 Non,
833 330 910 414 quia
945 335 1076 413 possent

57 415 176 480 resolvi
200 415 416 496 inanimalia,
433 417 491 480 sed
513 416 618 482 salum
642 415 757 484 diviua
779 416 989 501 providentia
1010 423 1075 486 sta·

56 503 121 569 tuit
144 503 215 570 ilios
240 504 361 570 iterum
384 504 504 570 animm
525 503 695 590 coniungi.

386 683 563 766 Qunsuo
588 682 717 748 exxrx.

35 865 123 926 De
149 865 598 929 eorrditionibus
614 868 1075 942 resurgentium

47 961 110 1015 et
133 957 332 1033 primo
359 954 435 1018 de
473 969 690 1018 eorum
719 955 1057 1021 identitate.

31 1127 98 1196 Art.
123 1128 153 1197 i.
177 1128 227 1198 Aa
249 1134 353 1198 anima
381 1133 417 1197 ia
445 1133 666 1198 resurrectione
699 1137 835 1196 resumat
861 1130 939 1198 idem
967 1149 1074 1217 aornar

52 1239 191 1287 namma.
217 1223 252 1305 rt.
282 1221 343 1300 Sia,
368 1220 445 1304 quia
482 1221 678 1286 resurreetio
716 1225 764 1285 est
798 1240 934 1305 surgere
968 1222 1073 1302 idem,

53 1309 144 1393 qnod
167 1310 296 1389 oeeidit,
319 1311 403 1376 idest
426 1309 537 1375 anima
560 1315 592 1374 et
615 1328 745 1392 eorpus,
769 1313 802 1373 et
818 1311 1007 1376 refutantur
1021 1331 1073 1377 er·

53 1418 156 1466 rores.

31 1488 103 1555 Art.
128 1489 160 1555 2.
184 1489 233 1556 Aa
255 1489 397 1556 nitidam
418 1507 544 1555 namara
577 1492 664 1556 tomo
692 1490 747 1573 aui
773 1497 920 1573 resaraot.
945 1491 981 1574 rt.
1005 1490 1072 1570 Sia,

53 1579 133 1663 quia
157 1598 327 1664 resurgere
349 1582 398 1644 est
422 1579 626 1655 reviviscere,
644 1597 733 1661 ergo,
748 1583 783 1642 et
804 1583 842 1643 ut
864 1578 951 1644 idem
975 1583 1073 1646 homo

52 1670 96 1734 ad
121 1669 359 1735 beatitudinem
384 1669 573 1752 perveniat,
597 1672 630 1733 et
654 1672 702 1732 est
724 1667 812 1733 idem
836 1687 977 1734 numera
1000 1689 1074 1736 eor·

52 1777 124 1842 pus,
149 1762 182 1822 et
205 1759 320 1824 eadem
356 1777 495 1824 numere
522 1757 643 1824 anima.
668 1757 759 1836 item,
782 1757 892 1822 anima
927 1759 1072 1825 hominis

50 1848 235 1912 seeundum
259 1847 475 1913 substantiam
491 1851 539 1912 est
552 1846 728 1919 rationalis,
748 1850 780 1910 et
795 1846 972 1928 sensibilis;
984 1849 1074 1933 quod

50 1936 184 2015 suffieit,
209 1942 246 2001 ut
267 1938 309 2002 sit
332 1937 420 2001 idem
445 1955 586 2002 numera
603 1939 712 2014 homo,
735 1941 768 1999 et
792 1936 948 2017 potentiae
970 1936 1073 2003 sensi·

50 2026 141 2105 tivae,
165 2045 239 2110 quae
274 2032 553 2109 corrumpuntur,
578 2045 646 2092 non
685 2028 822 2108 possunt
845 2025 989 2091 totaliter
1012 2026 1074 2092 lol-

50 2117 120 2182 lere
144 2115 351 2183 identitatem
374 2115 536 2196 animalis,
559 2134 636 2182 oum
659 2115 726 2181 sint
749 2115 967 2182 accidentales
996 2135 1073 2200 pro·

51 2206 216 2288 prietates.
758 2209 760 2211 ’

26 2294 97 2362 Art.
122 2293 153 2361 3.
183 2294 232 2362 Aa
260 2295 395 2378 pnloarrs
427 2298 554 2362 lamani
581 2297 716 2379 eorporis
753 2300 890 2379 oporteat
913 2293 1014 2362 radim
1035 2295 1076 2362 aa

50 2384 175 2450 aarrdom
209 2393 327 2468 partam
360 2387 514 2469 corporis,
537 2405 611 2469 qaae
649 2387 684 2451 in
712 2387 756 2450 ais
784 2385 930 2450 dissoluta
959 2391 1012 2450 rat.
1037 2387 1073 2471 tt.

49 2474 239 2540 Dummodo
271 2479 424 2539 servetur
448 2475 562 2540 eadem
586 2475 709 2558 speeies
733 2479 839 2556 potest
862 2473 997 2540 delendi
1019 2477 1072 2541 di·

50 2583 148 2629 versa
172 2563 310 2630 variatio
345 2565 500 2647 partium,
524 2564 582 2629 sed
606 2563 843 2648 congruentius
866 2561 1000 2629 videtur
1022 2565 1072 2631 di·

50 2654 197 2720 cendum
216 2653 305 2737 quad
327 2654 515 2719 servabitur
544 2655 579 2718 in
605 2653 847 2718 resurreetione
881 2651 963 2718 situs
997 2672 1073 2736 par·

51 2745 149 2821 tium,
173 2746 335 2826 quantum
359 2744 401 2808 ad
425 2747 533 2826 partes
560 2742 757 2823 essentiales,
781 2747 813 2807 et
837 2741 1016 2827 organicas,
1039 2747 1073 2809 et

51 2851 122 2899 non
146 2838 309 2915 quantum
346 2833 388 2897 ad
427 2837 537 2914 partes
562 2832 796 2912 accidentales,
820 2836 858 2898 ut
894 2835 973 2898 sunt
1008 2851 1072 2901 un·

49 2939 141 3007 gneo,
165 2924 226 2986 ete.

384 3096 561 3183 Quusuo
585 3097 702 3166 mxx.

135 3280 227 3345 De
253 3282 608 3359 integritate
633 3293 967 3360 corporum

318 3373 790 3450 resurgentium.

22 3549 100 3618 Art.
128 3546 160 3614 i.
182 3544 232 3613 Aa
256 3548 359 3612 omnia
381 3545 512 3614 nemina
534 3549 660 3614 tomani
681 3548 816 3631 eorporis
843 3555 1011 3632 resnramt.
1037 3551 1072 3634 rt.

45 3640 118 3717 Sic,
144 3641 183 3702 ut
205 3636 357 3722 periente,
383 3642 415 3702 et
438 3637 565 3722 integre
595 3640 779 3721 reparetur,
801 3639 834 3702 et
857 3638 999 3724 periente
1022 3657 1073 3707 re-
