2632 4212
290 67 372 164 ibt(
497 75 500 82 ’
577 81 624 132 ax
646 79 761 132 PRIMA
785 78 961 134 suounnn
1070 143 1076 158 ἱ
1306 59 1307 120 t

266 221 356 288 dona
388 217 528 303 Spiritus
561 216 688 296 Sancti,
724 217 758 280 et
786 215 813 280 si
845 213 899 280 hio
928 211 1101 287 beatitudo
1124 214 1299 292 estractus

268 310 458 376 habituum:
484 311 522 373 nt
544 309 730 392 paupertas,
752 305 873 384 luctus,
899 301 1207 386 mititas,.J'ustitiu,
1236 302 1307 390 mit

268 399 458 467 sericordia.
891 445 892 448 ,
1124 436 1129 443 ·

246 485 314 555 Art.
338 488 369 556 2.
392 486 441 554 Au
463 489 601 572 prumia,
625 505 691 570 pou
713 471 928 552 attribuuntur
952 481 1202 564 beatitudinibus,
1228 499 1302 564 pcr-

271 579 390 645 tinoout
412 578 451 644 od
471 585 550 644 bono
572 579 676 643 ritum.
702 577 737 660 rb.
761 573 899 640 Praemia
923 573 1068 657 perfecta
1082 577 1162 641 sunt
1176 573 1216 638 iu
1237 571 1305 636 alia

271 667 352 747 vita,
376 667 565 734 inchoativo
588 669 667 731 sunt
690 665 753 742 hie,
776 665 891 731 saltem
912 661 1129 746 spiritualiter
1152 661 1188 728 in
1216 661 1307 730 viris}

269 757 440 841 perfectis;
472 775 614 841 regnum
644 754 718 822 coeli
749 753 804 821 hic
830 754 910 818 sunt
932 751 1028 830 boni,
1052 751 1111 816 filii
1135 750 1213 829 Dei,
1243 747 1307 840 qui}

270 865 349 912 suos
372 850 480 912 motus
504 846 688 928 pacificant.
1306 841 1307 844 ’

248 934 318 1004 Art.
341 935 373 1003 3.
396 933 445 1002 Au
468 937 682 1022 oouoouioutrr
705 935 919 1000 euumeioutur
944 930 1154 998 beatitudiuis.
1180 931 1217 1014 ri.
1236 928 1302 1006 Sic,

270 1026 314 1091 ad
337 1025 498 1092 tollendas
522 1023 709 1090 mundanas
733 1022 964 1091 beatitudines.
1306 1053 1307 1098 r

252 1112 322 1182 Art.
347 1113 379 1182 lt.
402 1112 451 1182 Au
472 1116 599 1198 promo
631 1113 860 1192 beatitudinum¹
881 1115 1093 1180 oorroouirutrr
1123 1129 1307 1178 assummum

275 1210 336 1271 tur.
362 1205 397 1288 rt.
421 1203 489 1282 Sic,
512 1205 696 1270 secundum
720 1203 822 1270 vitam
847 1201 987 1268 activam
996 1239 1011 1281 ,ι
1036 1207 1069 1269 et
1092 1201 1307 1285 corumptu-

222 1298 225 1307 '
275 1293 390 1374 tivam,
415 1291 529 1378 (vide.)
592 1288 596 1296 ’

624 1470 802 1556 onnsrro
831 1470 922 1578 nxx3

241 1664 245 1673 ·
284 1655 377 1720 De
400 1640 708 1721 fructibus
733 1654 1007 1740 Spiritus
1032 1650 1270 1720 saneti.

252 1831 320 1900 Art.
345 1834 376 1900 i.
399 1833 448 1902 Au
472 1835 590 1918 portus
613 1831 748 1918 Spiritus
777 1830 884 1900 Suuoti
900 1851 983 1916 poor
1011 1829 1172 1915 Apostolus
1204 1831 1307 1910 uouit

274 1931 333 1990 out
362 1922 401 1989 ud
432 1923 538 1991 Guiud.
563 1923 595 1990 5.
618 1926 685 1990 siue
708 1929 802 1991 octus.
828 1924 870 2006 ri..
887 1921 954 2001 Sic,
976 1921 1055 2006 quia
1078 1922 1208 1989 tructus
1233 1919 1307 2003 Spi-

275 2013 359 2078 ritus
385 2013 496 2080 Sancti
522 2015 600 2078 sunt
630 2012 837 2095 operationes
860 2011 1004 2078 hominis
1027 2009 1108 2076 moti
1131 2030 1150 2075 a
1172 2008 1307 2092 Spiritu

275 2099 411 2181 Sancto,
446 2103 532 2168 siout
562 2103 662 2172 arbor
685 2100 895 2186 cognoscitur
917 2121 937 2168 a
959 2099 1138 2179 fructibus,
1161 2099 1244 2164 ticet
1269 2103 1307 2164 ut

275 2190 373 2256 tiores
395 2192 595 2257 ordinentur
618 2189 661 2256 ad
684 2189 789 2256 vitam
812 2192 982 2260 aeternanr.
1147 2191 1159 2218 ‘

253 2274 322 2346 Art
345 2279 378 2346 2.
400 2277 450 2346 Aa
471 2282 593 2362 fructus
615 2279 801 2362 dipbroutu
824 2277 1072 2348 beatitudinibus.
1090 2279 1125 2362 ri.
1142 2276 1207 2356 Sic,
1225 2280 1305 2363 quia

275 2369 498 2436 beatitudines
529 2377 666 2454 possunt
693 2370 758 2437 dici
782 2369 926 2449 fructus,
949 2371 1007 2434 sed
1031 2387 1098 2436 non
1120 2373 1244 2434 contra
1269 2369 1302 2432 in

277 2459 339 2526 hae
362 2459 441 2526 vita.

254 2543 324 2614 Art.
347 2548 378 2615 3.
401 2547 450 2615 Au
473 2551 592 2632 fructus
615 2545 1051 2618 rouoruirutu-uouurutur
1079 2547 1116 2616 ub
1146 2545 1302 2633 apostata.

279 2639 315 2720 ri.
338 2637 401 2718 Sic,
424 2640 502 2723 quia
525 2639 587 2704 iilis
611 2659 705 2706 mens
728 2639 917 2724 disponitur
944 2640 979 2708 iu
1013 2657 1066 2717 se,
1100 2643 1134 2704 et
1166 2640 1212 2706 ad
1246 2658 1302 2716 ea,

275 2745 351 2809 quae
373 2733 454 2794 sunt
474 2747 574 2811 supra
596 2747 642 2808 se,
666 2733 785 2796 crotera
809 2729 886 2797 vide
909 2730 993 2796 ihi„

151 2903 158 2914 .
254 2813 322 2882 Art.
346 2815 378 2884 t.
401 2816 455 2886 Au
472 2821 592 2902 fructu
615 2818 751 2903 Spiritus
774 2819 882 2888 Sousti
905 2821 1139 2888 routrurioutur
1161 2817 1305 2902 oporibus

277 2909 391 2974 curuis.
412 2909 508 2992 ruisi
530 2911 706 2993 sumantur
729 2910 765 2975 in
790 2910 959 2978 communi
981 2909 1039 2990 sic,
1063 2911 1141 2994 quia
1158 2909 1213 2976 iili
1230 2927 1304 2976 sur·

277 3012 365 3079 sum,
387 2998 458 3063 haec
481 2999 646 3065 deorsum.

624 3176 802 3262 QUAESTIO
826 3177 930 3248 LXXI.
1014 3281 1018 3286 Ι
1110 3239 1118 3264 ,

430 3356 521 3427 De
548 3359 718 3426 vatris
748 3367 811 3426 et
834 3322 1126 3443 peccatis.

182 3547 184 3556 ‘
239 3501 325 3607 'trs
350 3535 382 3607 t.
404 3536 454 3607 riu
474 3540 588 3608 sitium
608 3538 818 3608 onomius
839 3540 963 3608 uirtuti.
987 3539 1023 3624 rt.
1045 3536 1108 3616 Sic,
1132 3535 1246 3620 primo
1267 3535 1300 3600 in

280 3627 429 3710 mentia,
452 3628 530 3715 quis
553 3647 623 3698 nou
645 3629 695 3694 cst
716 3627 885 3714 dispositio
907 3627 1113 3697 couveniens
1139 3643 1209 3695 suu
1233 3645 1302 3695 ma·
