2608 4220
445 115 517 168 mu
540 113 698 168 rnouan.
979 92 1049 166 529

52 239 207 319 animan,
231 239 337 304 oultns
361 236 544 320 disparitas,
559 236 620 316 vis,
636 236 732 312 ordo,
747 233 902 322 ligamen,
921 234 1088 312 honestas,

54 329 85 392 si
112 329 161 396 sis
185 327 304 408 affinis,
327 325 355 394 si
378 327 463 393 forle
485 327 574 393 eolre
597 326 758 412 nequibis,

451 591 631 680 QllAES'llO
654 593 700 662 ll.

153 781 247 846 De
269 775 708 860 impedimento
733 773 994 844 erroris.

35 955 113 1024 Art.
141 957 175 1024 l.
196 955 246 1024 An
268 973 355 1024 νννον
376 958 590 1022 conuenienter
607 962 744 1040 puuutur
766 953 1012 1038 impedimentum
1035 968 1094 1017 mo·

62 1047 225 1114 trimouii.
250 1047 283 1131 ri.
307 1045 368 1125 Sle,
392 1044 469 1130 quia
493 1044 578 1110 tollit
601 1063 807 1122 eonsensum,
831 1047 864 1109 et
879 1041 1019 1127 impedit
1035 1061 1094 1108 vo·

61 1136 267 1214 luntarinm,
290 1139 324 1201 et
350 1135 397 1201 sie
418 1133 545 1201 sublata
568 1151 675 1215 eausa,
699 1137 801 1200 oessat
831 1134 976 1199 effeetus.
1000 1128 1094 1210 Item,

62 1245 149 1291 enm
174 1224 246 1310 quis
279 1223 422 1309 baptizat
456 1239 562 1290 unum
587 1222 743 1308 proelio,
767 1241 862 1289 error
897 1241 966 1288 non
987 1218 1098 1305 impe·

62 1315 122 1380 dit
145 1315 361 1398 baptismum
385 1313 463 1399 quia
486 1313 532 1378 ibi
555 1315 725 1380 character
748 1333 815 1379 non
834 1309 1038 1395 imprimitur
1050 1330 1092 1376 ex

65 1403 260 1470 intentione
282 1403 418 1488 agentis,
441 1403 499 1470 sed
521 1420 699 1468 eonsensus
721 1403 798 1469 laeit
821 1401 1083 1467 matrimonium.

40 1493 119 1560 Art.
142 1492 176 1560 2.
197 1490 247 1559 An
270 1495 368 1560 omnis
390 1510 477 1559 error
508 1491 653 1575 impediet
683 1493 924 1560 matrimonium.
949 1494 985 1578 rt.
1013 1489 1095 1569 Non,

66 1583 131 1649 sed
155 1583 220 1660 ille,
242 1582 300 1668 qni
323 1585 371 1647 est
393 1581 479 1648 elren
502 1601 549 1660 ea,
572 1601 647 1668 qnae
669 1589 748 1649 sunt
770 1583 812 1648 de
827 1580 966 1648 essentia
978 1579 1096 1646 matri·

67 1671 190 1753 monii‚
214 1676 251 1737 ut
274 1690 368 1737 error
391 1688 548 1755 personae,
563 1677 596 1736 et
611 1671 820 1750 eonditionis,
838 1669 922 1735 idest
936 1669 971 1736 in
986 1688 1094 1735 servo.

68 1760 168 1839 ltem,
191 1779 287 1826 error
308 1759 393 1826 eirea
418 1759 678 1839 matrimonium,
701 1765 738 1826 ut
761 1757 965 1825 infidelitatis
987 1779 1030 1825 an
1053 1755 1096 1823 sit

67 1854 327 1927 sacramentum,
352 1869 394 1916 an
417 1850 459 1914 sit
480 1847 616 1926 licitum,
641 1854 715 1932 ete,
741 1868 807 1916 non
833 1847 980 1930 impedit.
1004 1846 1097 1928 ltem,

71 1959 146 2005 non
171 1939 326 2023 qnaelibet
348 1937 534 2028 ignorantia
561 1943 672 2005 eausat
700 1937 975 2005 involuntarium.
1005 1938 1097 2013 llem,

70 2028 250 2094 diversitas
273 2025 450 2113 qualitatis,
473 2030 505 2092 et
520 2027 663 2093 fortunae
680 2049 747 2096 non
764 2025 919 2111 impedit,
935 2026 1013 2111 quia
1029 2046 1098 2092 non

70 2122 156 2183 sunt
177 2119 219 2184 de
242 2116 382 2183 essentia
406 2115 619 2196 matrimonii,
644 2137 706 2184 neo
728 2135 823 2183 error
853 2113 1042 2194 nobilitatis,
1068 2119 1101 2184 et

72 2205 260 2291 dignitatis,
284 2206 347 2271 nisi
371 2206 536 2274 redundet
559 2206 594 2272 in
617 2225 765 2274 errorem
782 2215 950 2293 personae,
973 2205 1036 2272 nisi
1059 2205 1102 2271 de

73 2314 167 2362 novo
193 2294 389 2363 consentiat.

450 2561 627 2651 QUAESTlO
651 2560 711 2628 Lll.

100 2749 194 2814 Do
217 2744 654 2827 impedimento
671 2741 1057 2810 conditionis

54 2924 127 2990 Art.
153 2922 185 2990 l.
206 2921 256 2990 Au
278 2921 411 2989 comitto
440 2924 597 2989 seruitutis
627 2919 772 3004 impediet
798 2921 1038 2988 matrimonium.
1063 2919 1100 3004 ti.

78 3012 231 3096 lgnornta
252 3012 310 3088 sie,
334 3011 414 3078 soita
438 3030 516 3077 non.
541 3013 631 3091 ltem,
653 3009 680 3075 si
696 3029 812 3076 servus
828 3012 1001 3078 contrahat
1023 3027 1101 3076 enm

76 3117 176 3168 serva
200 3103 320 3186 putans
342 3119 410 3168 esse
432 3099 581 3182 liberam,
605 3104 698 3166 tenet
721 3098 981 3168 matrimonium.
1010 3097 1102 3176 ltem,

77 3207 176 3257 error
198 3189 232 3258 in
256 3195 345 3270 voto,
368 3191 421 3257 vel
444 3189 730 3277 consanguinitate
754 3189 800 3256 nil
824 3193 990 3278 operatur,
1013 3187 1099 3255 sieut

81 3299 145 3346 neo
168 3279 316 3348 seientia.

57 3368 127 3437 Art.
151 3369 182 3435 2.
205 3369 254 3437 Au
276 3389 378 3438 seruus
398 3371 497 3453 possit
516 3373 693 3438 commolere
706 3369 936 3438 matrimonium
953 3370 1102 3437 simeon·

80 3478 171 3526 sunu
192 3459 320 3528 domini.
345 3463 379 3546 ri.
403 3459 464 3539 Sin,
487 3461 565 3544 quia
587 3459 638 3526 ius
673 3460 862 3544 positivum,
894 3460 928 3526 in
964 3479 1029 3545 qno
1052 3464 1101 3525 est

80 3549 234 3628 servitus,
260 3571 327 3618 non
352 3548 546 3634 praeiudicat
575 3548 640 3617 iuri
670 3550 824 3633 naturali,
847 3555 880 3618 et
911 3549 1042 3640 divino,
1065 3549 1101 3615 in

149 3639 226 3707 Diui
252 3639 387 3710 rmum.
970 3639 1013 3708 nt
