2608 4220
260 89 328 162 558
572 108 620 160 ax
644 105 904 162 surrrnnauro

239 229 400 311 spondeat
424 225 544 294 animae
568 229 727 311 tanquam
750 243 856 293 causae
880 224 1036 293 efficienti
1055 226 1256 300 ,circaman-

237 320 297 385 bra
328 337 401 402 quae
441 336 509 383 non
532 317 639 384 solum
673 320 720 382 est
757 316 873 402 forma,
897 319 930 380 et
964 317 1049 380 finis.
1073 317 1152 384 item
1177 319 1257 385 inte·

236 407 323 473 stina
349 410 523 490 resurgent
561 407 659 491 plena
695 404 904 472 nobilissimis
925 406 1143 473 'huruoribus
1168 409 1255 488 item,

236 498 336 562 homo
360 501 525 575 meretur,
551 500 588 562 ut
605 495 806 580 praemietur,
831 495 929 562 etiam
954 495 990 562 in
1013 499 1176 580 membro,
1192 517 1256 582 quo

235 586 320 652 forte
343 585 378 652 iu
404 585 472 651 vita
487 587 604 652 caruit.

212 672 281 742 Art.
306 676 339 743 2.
365 673 414 742 An
431 675 549 759 capitii,
572 685 603 742 et
622 693 739 758 ungnes
761 675 797 739 16
819 676 1118 759 tomfaoresurpent.
1143 678 1177 760 rt.
1193 675 1255 756 Sia,

235 766 315 849 quia
332 769 433 832 homo
457 769 607 850 resurget
627 765 663 829 in
688 764 888 846 perfectione
904 784 971 829 suae
988 769 1125 843 naturae,
1143 768 1257 832 ethaeo

238 859 318 922 sunt
342 856 419 922 data
442 855 484 920 ad
500 858 746 933 oruamentum,
758 854 902 920 atetiam
917 854 960 919 ad
972 855 1256 921 conservationem

233 945 388 1026 partium.
412 944 506 1023 Item,
530 943 629 1010 urina
652 948 685 1008 et
708 941 780 1008 aliae
803 943 1060 1026 superfluitates,
1092 963 1177 1028 6666
1198 965 1256 1010 ex·

233 1035 405 1117 pelluntur
426 1053 446 1099 a
470 1036 601 1112 natura,
624 1051 692 1098 non
716 1036 836 1116 erunt;
860 1052 922 1099 nee
944 1052 1068 1111 semen,
1091 1033 1254 1117 quianon

107 1127 109 1132 ’
235 1127 285 1190 est
308 1125 349 1190 ad
373 1123 609 1205 perfectionem
640 1121 822 1202 individui,
852 1124 910 1188 sed
943 1123 986 1188 ad
1019 1123 1256 1208 perfectionem

232 1233 362 1296 speerer.

212 1303 283 1369 Art.
309 1302 340 1370 3.
363 1300 413 1370 Aa
436 1305 574 1370 tumores
597 1302 632 1368 tn
654 1305 778 1385 eorpdre
799 1307 968 1385 resurgent.
993 1303 1029 1386 rt.
1060 1303 1116 1369 1116
1146 1303 1256 1370 humi·

233 1393 328 1471 ditas,
353 1411 428 1476 6666
451 1393 494 1458 ad
517 1391 741 1475 integritatem
765 1393 920 1456 humanae
944 1395 1072 1458 naturae
1100 1393 1256 1476 pertinet,

235 1485 383 1565 resurget
405 1479 441 1547 16
465 1480 610 1561 homine,
634 1483 672 1546 ut
694 1480 825 1564 sanguis
849 1479 884 1544 in
910 1479 1046 1559 Christo,
1069 1486 1104 1548 et
1126 1481 1181 1547 isti
1193 1484 1258 1549 hu·

235 1590 341 1636 morcs
366 1589 433 1638 uou
456 1573 556 1637 erunt
579 1570 621 1637 ad
645 1570 917 1635 restaurationem
941 1571 1117 1655 deperditi,
1140 1571 1199 1636 sed
1216 1573 1259 1638 ad

236 1659 460 1744 integritatem
484 1658 640 1741 corporis,
664 1659 722 1724 sed
752 1679 819 1725 non
843 1660 958 1738 urina,
981 1680 1114 1742 semen,
1144 1662 1259 1740 sudor,

233 1749 310 1834 6616
334 1752 406 1815 haec
428 1769 446 1815 a
470 1753 590 1815 natura
614 1747 810 1815 reficiuntur
833 1768 894 1831 pro
918 1749 1120 1830 perfectione
1135 1750 1259 1818 indivi-

234 1840 304 1917 dui,
329 1839 383 1904 vel
408 1840 449 1906 ad
473 1838 714 1922 generandum,
739 1839 791 1903 vel
816 1837 1045 1918 nutriendum,
1068 1844 1107 1904 ut
1130 1840 1191 1906 lac.

211 1927 279 1995 Art.
303 1928 334 1995 4.
358 1927 407 1995 Aa
432 1935 527 1995 totum
549 1927 628 2011 quod
647 1929 714 2011 suit
736 1929 771 1993 to
794 1945 918 2010 corpore
941 1928 975 1994 dc
997 1931 1125 1996 veritate
1154 1933 1259 1996 16616

234 2037 290 2084 noa
313 2026 453 2099 naturae,
477 2024 618 2101 resurget
638 2018 673 2083 in
698 2019 772 2099 ipso.
798 2017 834 2100 rt.
857 2017 920 2096 Sic,
942 2038 1035 2085 secus
1050 2038 1173 2102 corpus
1189 2039 1259 2086 nou

234 2111 319 2174 esset
342 2109 537 2191 perfeetum,
561 2105 663 2172 etsie
685 2111 792 2174 totum
825 2106 914 2191 quod
948 2109 1093 2190 pertinet
1122 2109 1167 2174 ad
1190 2129 1260 2176 esse

234 2197 391 2281 corporis,
416 2201 450 2262 61
472 2196 562 2281 quod
586 2195 744 2281 percipiet
767 2196 905 2261 formam
922 2197 1073 2275 hominis,
1088 2203 1259 2281 resurget:

233 2287 314 2370 quid
337 2289 448 2353 autem
471 2287 608 2365 sithoc,
631 2286 721 2369 quod
745 2286 888 2370 pertinet
912 2287 954 2352 ad
976 2287 1162 2366 essentiam,
1178 2293 1261 2354 sunt

235 2376 344 2442 variae
367 2375 550 2460 opiniones.

235 2465 246 2492 *
271 2463 391 2532 Carnes
420 2468 577 2532 humanae
612 2468 763 2531 comestae
797 2469 971 2549 resurgent
1004 2464 1040 2530 16
1064 2485 1102 2532 66
1128 2465 1165 2531 16
1191 2485 1261 2550 666

234 2556 336 2639 magis
360 2562 570 2622 accesserunt
593 2554 635 2620 ad
659 2555 836 2636 perfectam
868 2553 1151 2639 participationem
1182 2574 1260 2638 spc-

232 2644 309 2710 ciei:
334 2645 390 2711 sed
418 2645 446 2710 si
469 2644 651 2729 aequaliter,
676 2647 850 2728 resurgent
872 2644 907 2708 16
931 2664 980 2722 66,
1005 2643 1040 2708 16
1064 2663 1129 2729 666
1145 2645 1260 2727 primo

232 2735 380 2818 fuerant,
395 2737 428 2800 et
450 2733 479 2800 si
502 2733 583 2818 quid
605 2734 825 2818 superfuerit,
850 2736 997 2818 resurget
1027 2732 1062 2799 16
1095 2736 1260 2816 66666116,

233 2827 267 2887 61
288 2824 315 2890 61
351 2822 432 2908 quid
468 2823 574 2890 deerit
608 2823 644 2888 16
678 2823 825 2907 quolibet
854 2822 985 2888 illorum
1009 2823 1051 2889 ad
1075 2822 1259 2906 perfectam

232 2913 462 2998 quantitatem,
485 2913 651 2997 supplebit
675 2913 781 2978 virtus
804 2912 929 2978 divina.

210 3003 278 3070 Art.
302 3003 333 3072 5.
357 3001 406 3069 An
430 3005 575 3088 quidquid
595 3006 694 3088 fucrit
714 3003 916 3069 materialiter
939 3005 974 3070 in
997 3003 1135 3071 membris
1158 3005 1259 3072 tomi·

235 3096 296 3177 nis,
323 3100 418 3159 totum
432 3102 581 3179 restrrpet.
606 3096 641 3180 rt.
665 3094 745 3170 Non,
770 3093 847 3178 6616
876 3099 960 3160 esset
995 3096 1259 3172 monstruositas,

234 3188 291 3250 sed
315 3184 522 3250 considerata
546 3186 704 3253 totalitate
726 3185 856 3268 speciei,
890 3205 964 3270 quae
991 3185 1178 3250 attenditur
1206 3206 1260 3251 se·

235 3275 385 3341 cundum
409 3275 638 3357 quantitatem,
663 3278 812 3360 figuram,
834 3276 947 3358 situm,
962 3278 995 3340 et
1010 3275 1161 3340 ordinem
1180 3295 1261 3358 par·

237 3365 317 3428 tium
325 3381 335 3441 ;
363 3364 410 3428 sie
432 3364 541 3447 capilii
564 3384 632 3432 nou
660 3369 832 3450 resurgent
861 3364 1066 3430 considerata
1095 3365 1261 3432 totalitate

237 3452 398 3522 materiae
420 3453 462 3520 ab
485 3452 635 3533 infantia,
658 3457 716 3521 sed
738 3453 867 3538 speciei,
889 3453 936 3520 sic
959 3472 1039 3532 ossa,
1069 3457 1102 3518 et
1124 3451 1262 3522 similia.
