2636 4202
486 159 562 219 ntur
585 165 730 218 anuum.
1036 140 1081 221 37

100 279 168 350 duo
187 282 376 368 supposih,
405 287 439 349 et
467 290 547 352 suunt
574 301 684 352 unum
707 285 910 370 prinolpium
933 286 1065 371 spirans
1090 287 1125 353 in

101 373 237 440 eoufuso
259 375 319 440 sed
342 375 418 441 dnae
432 375 604 459 ,spirantes
625 393 788 458 persone,
812 377 869 442 sed
894 395 962 443 uon
978 377 1045 444 duo
1060 378 1126 461 spi·

102 470 235 544 ratores,
260 467 399 549 propter
422 483 523 532 unam
545 464 774 549 spirationem.

427 643 607 729 Quffllo
631 643 778 715 xxxvl.

138 825 231 892 De
254 825 519 898 Nomine
544 826 819 908 spirutus
843 825 1073 907 Sancti,

371 918 476 996 qui
501 923 598 984 est
622 921 834 984 Amor.

82 1089 150 1160 Art.
173 1093 204 1162 t.
235 1092 286 1161 Aa
317 1111 403 1162 umor
430 1096 476 1162 eit
503 1096 664 1182 propriam
695 1115 807 1164 norom
840 1094 976 1180 Spiritus
1010 1093 1127 1163 Sooeti.

105 1183 141 1267 rt.
164 1183 227 1265 Sic,
250 1183 279 1250 si
301 1189 452 1252 sumatur
475 1203 543 1252 non
567 1186 786 1254 essentialiter
808 1203 869 1270 pro
886 1189 963 1251 eetu
978 1184 1125 1264 amandi,

103 1273 161 1340 sed
192 1274 410 1358 personaliter
442 1293 504 1359 pro
533 1295 589 1355 eo,
621 1277 711 1359 quod
734 1275 883 1362 prooedit
906 1292 965 1358 per
988 1275 1127 1341 modum

103 1364 241 1444 amoris,
266 1366 316 1430 ost
339 1364 511 1451 proprium
532 1364 674 1450 Spiritus
696 1366 824 1447 Saneti,
848 1369 881 1431 et
906 1367 1047 1450 penuria
1070 1384 1128 1431 vo·

103 1471 180 1520 eum
204 1454 332 1521 utimur
355 1455 416 1522 hoo
438 1474 520 1523 voee
541 1453 640 1523 Amor
662 1476 725 1539 pro
750 1474 890 1541 persona
915 1456 1126 1540 procedente,

104 1547 136 1609 rt
157 1561 220 1630 pro
240 1544 396 1630 diligere,
426 1544 581 1630 spirare·
601 1547 691 1632 quod
713 1551 763 1613 est
791 1563 915 1614 nomen
948 1545 1126 1624 nationale,

102 1632 186 1700 siout
210 1633 331 1715 dicere,
356 1636 604 1721 regenerare.
1218 1665 1222 1674 ·

103 1722 174 1790 ‘ln
198 1723 325 1808 Spiritu
347 1723 467 1794 Sancto
490 1724 547 1812 qui
578 1727 628 1792 e'st
657 1723 757 1792 Amor
787 1729 826 1793 nt
857 1727 1009 1810 portatur
1033 1723 1126 1792 habi·

105 1813 185 1880 tudo
218 1813 324 1882 Putria
358 1813 407 1880 ad'
428 1815 563 1895 Filium,
587 1820 620 1882 et
642 1821 777 1900 eontra,
800 1815 925 1882 dieitur
948 1831 1070 1893 nexus,
1094 1817 1127 1879 et

105 1902 252 1984 medina,
277 1904 336 1970 aed
360 1905 732 1989 seosradumeriginem
764 1904 831 1972 no'n
856 1909 904 1971 est
929 1917 1049 1984 nexus,
1073 1903 1126 1968 vel

64 2063 68 2070 ,
103 1993 231 2060 medius
253 1995 313 2061 sed
335 1995 433 2061 tertis
457 2015 597 2079 persona
620 1999 803 2077 procedens
827 1997 869 2061 ob
893 1999 1047 2078 utroque.

84 2079 146 2150 Art.
167 2083 202 2150 2.
233 2082 283 2150 Au
309 2083 402 2150 Pater
420 2091 460 2151 et
484 2086 586 2155 lll'lt‘ua
619 2085 757 2170 dittpoot
786 2105 818 2152 ee
851 2084 1126 2169 Spiritu-Sourta.

105 2174 138 2255 ti.
161 2173 195 2239 Si
216 2175 356 2259 diligere
379 2180 536 2242 sumatur·
554 2175 766 2242 notlonaliter
788 2177 852 2255 sie,
882 2175 961 2260 quie
989 2174 1127 2257 diligere

104 2265 151 2328 est
171 2263 301 2348 mirare
323 2281 486 2344 amorem,
511 2265 597 2331 deut
619 2267 804 2350 intelligere
836 2267 1020 2349 producere
1046 2262 1126 2329 Ver·

104 2353 192 2433 bum,
216 2358 250 2420 et
270 2353 390 2420 Serere
414 2356 598 2439 produoere
621 2356 725 2434 llores,
750 2354 797 2422 sie
819 2355 933 2432 Peter,
953 2355 986 2418 et
1010 2350 1126 2432 Filius3

105 2443 160 2508 aed
183 2443 213 2510 si
240 2443 379 2530 diligere
407 2448 559 2512 sumatur
590 2445 824 2524 essentialiter,
859 2448 947 2509 tarne
971 2441 1068 2507 Pater
1094 2442 1128 2506 et

105 2530 201 2600 Silius
224 2553 294 2600 non
318 2534 462 2620 diligunt
483 2554 518 2601 se
541 2534 666 2618 Spiritu
685 2534 828 2613 sardo,
855 2533 913 2598 sed
936 2551 995 2597 sua
1019 2549 1127 2597 essen·

105 2621 155 2692 tia.
181 2623 264 2688 ltem
286 2624 383 2690 Pater
406 2625 513 2711 diligit
535 2644 585 2704 se,
618 2624 735 2692 Filium
763 2623 925 2708 Spiritum
951 2620 1126 2699 Sanotum,

104 2715 135 2776 et
154 2717 327 2780 creaturas
349 2713 474 2798 Spiritu
496 2715 617 2780 Sanoto
641 2715 870 2792 notionallter,
899 2709 976 2795 quia
999 2711 1034 2794 ly
1058 2709 1128 2775 dili·

104 2819 170 2884 pere
193 2803 353 2887 importat
377 2823 446 2870 non
468 2807 574 2871 solum
596 2805 858 2886 productionem,
874 2803 933 2868 sed
950 2817 1126 2884 personam

105 2893 299 2974 produotam
324 2912 385 2980 per
408 2895 544 2962 modum
568 2894 698 2962 amoris.

325 3093 333 3100 ’
420 3072 607 3160 QUAEsulo
630 3073 790 3144 XXXVlll.

141 3255 235 3321 De
260 3229 524 3327 Nomine
548 3258 823 3338 Spiritus
849 3251 1064 3322 Sancti
1108 3280 1112 3288 .

322 3346 483 3427 quod
509 3354 606 3414 est
629 3349 890 3426 Donum.

13 3603 15 3610 y
88 3517 146 3590 lrl.
171 3522 201 3594 l.
225 3524 277 3594 Ao
300 3523 414 3594 dorsum
435 3526 481 3594 stt
500 3543 609 3595 oomeo
630 3525 800 3610 marnoa.
832 3525 868 3608 rt.
890 3521 952 3600 Sle,
976 3517 1054 3604 quia
1076 3522 1126 3584 est

106 3613 263 3774 Q
280 3619 315 3683 et
338 3616 493 3686 donabile
516 3613 872 3692 oreatnreeratioooli‚
901 3627 970 3678 nun
997 3608 1126 3678 meritis
