<?xml version="1.0" encoding="UTF-8"?>
<!DOCTYPE html PUBLIC "-//W3C//DTD XHTML 1.0 Transitional//EN"
    "http://www.w3.org/TR/xhtml1/DTD/xhtml1-transitional.dtd">
<html xmlns="http://www.w3.org/1999/xhtml" xml:lang="en" lang="en">
 <head>
  <title>
</title>
<meta http-equiv="Content-Type" content="text/html;charset=utf-8" />
  <meta name='ocr-system' content='tesseract 3.04.00' />
  <meta name='ocr-capabilities' content='ocr_page ocr_carea ocr_par ocr_line ocrx_word'/>
</head>
<body>
  <div class='ocr_page' id='page_1' title='image "./theologicsummco00thomgoog_0584.png"; bbox 0 0 2608 4220; ppageno 0'>
   <div class='ocr_carea' id='block_1_1' title="bbox 428 118 673 177">
    <p class='ocr_par' dir='ltr' id='par_1_1' title="bbox 428 118 673 177">
     <span class='ocr_line' id='line_1_1' title="bbox 428 118 673 177; baseline -0.012 -1"><span class='ocrx_word' id='word_1_1' title='bbox 428 122 505 177; x_wconf 82' lang='lat' dir='ltr'><strong>mvl</strong></span> <span class='ocrx_word' id='word_1_2' title='bbox 527 118 673 177; x_wconf 72' lang='lat' dir='ltr'><strong>THOMAE.</strong></span> 
     </span>
    </p>
   </div>
   <div class='ocr_carea' id='block_1_2' title="bbox 427 195 1065 216">
    <p class='ocr_par' dir='ltr' id='par_1_2' title="bbox 427 195 1065 216">
     <span class='ocr_line' id='line_1_2' title="bbox 427 195 1065 216; baseline -0.005 0"><span class='ocrx_word' id='word_1_3' title='bbox 427 195 1065 216; x_wconf 60' lang='lat' dir='ltr'><strong>—n——n——n—-n-d</strong></span> 
     </span>
    </p>
   </div>
   <div class='ocr_carea' id='block_1_3' title="bbox 31 244 1089 2572">
    <p class='ocr_par' dir='ltr' id='par_1_3' title="bbox 49 244 1070 508">
     <span class='ocr_line' id='line_1_3' title="bbox 50 244 1069 330; baseline -0.003 -16"><span class='ocrx_word' id='word_1_4' title='bbox 50 266 151 314; x_wconf 90' lang='lat' dir='ltr'><strong>aurea</strong></span> <span class='ocrx_word' id='word_1_5' title='bbox 172 265 305 324; x_wconf 78' lang='lat' dir='ltr'><strong>rorone,</strong></span> <span class='ocrx_word' id='word_1_6' title='bbox 327 249 360 311; x_wconf 85' lang='lat' dir='ltr'><strong>et</strong></span> <span class='ocrx_word' id='word_1_7' title='bbox 382 264 450 312; x_wconf 92' lang='lat' dir='ltr'><strong>non</strong></span> <span class='ocrx_word' id='word_1_8' title='bbox 463 245 605 324; x_wconf 90' lang='lat' dir='ltr'><strong>aureola,</strong></span> <span class='ocrx_word' id='word_1_9' title='bbox 622 244 699 330; x_wconf 88' lang='lat' dir='ltr'><strong>qnia</strong></span> <span class='ocrx_word' id='word_1_10' title='bbox 714 244 750 310; x_wconf 91' lang='lat' dir='ltr'><strong>in</strong></span> <span class='ocrx_word' id='word_1_11' title='bbox 765 244 893 312; x_wconf 91' lang='lat' dir='ltr'><strong>Christo</strong></span> <span class='ocrx_word' id='word_1_12' title='bbox 905 249 953 311; x_wconf 90' lang='lat' dir='ltr'><strong>est</strong></span> <span class='ocrx_word' id='word_1_13' title='bbox 969 245 1069 330; x_wconf 90' lang='lat' dir='ltr'><strong>plena</strong></span> 
     </span>
     <span class='ocr_line' id='line_1_4' title="bbox 49 334 1070 422; baseline -0.001 -20"><span class='ocrx_word' id='word_1_14' title='bbox 49 335 199 403; x_wconf 79' lang='lat' dir='ltr'><strong>victoriae</strong></span> <span class='ocrx_word' id='word_1_15' title='bbox 214 335 308 415; x_wconf 87' lang='lat' dir='ltr'><strong>ratio,</strong></span> <span class='ocrx_word' id='word_1_16' title='bbox 322 338 356 400; x_wconf 87' lang='lat' dir='ltr'><strong>et</strong></span> <span class='ocrx_word' id='word_1_17' title='bbox 372 355 440 402; x_wconf 92' lang='lat' dir='ltr'><strong>non</strong></span> <span class='ocrx_word' id='word_1_18' title='bbox 456 355 514 419; x_wconf 92' lang='lat' dir='ltr'><strong>per</strong></span> <span class='ocrx_word' id='word_1_19' title='bbox 530 334 824 422; x_wconf 75' lang='lat' dir='ltr'><strong>participationem,</strong></span> <span class='ocrx_word' id='word_1_20' title='bbox 840 339 874 400; x_wconf 83' lang='lat' dir='ltr'><strong>et</strong></span> <span class='ocrx_word' id='word_1_21' title='bbox 888 355 947 420; x_wconf 92' lang='lat' dir='ltr'><strong>per</strong></span> <span class='ocrx_word' id='word_1_22' title='bbox 961 335 1070 421; x_wconf 86' lang='lat' dir='ltr'><strong>ipsum</strong></span> 
     </span>
     <span class='ocr_line' id='line_1_5' title="bbox 51 414 741 508; baseline 0.003 -16"><span class='ocrx_word' id='word_1_23' title='bbox 51 427 106 493; x_wconf 88' lang='lat' dir='ltr'><strong>alii</strong></span> <span class='ocrx_word' id='word_1_24' title='bbox 130 425 281 504; x_wconf 87' lang='lat' dir='ltr'><strong>vineunt,</strong></span> <span class='ocrx_word' id='word_1_25' title='bbox 305 428 338 489; x_wconf 89' lang='lat' dir='ltr'><strong>et</strong></span> <span class='ocrx_word' id='word_1_26' title='bbox 361 424 561 508; x_wconf 78' lang='lat' dir='ltr'><strong>participant</strong></span> <span class='ocrx_word' id='word_1_27' title='bbox 582 414 741 494; x_wconf 69' lang='lat' dir='ltr'><strong>aureolas.</strong></span> 
     </span>
    </p>

    <p class='ocr_par' dir='ltr' id='par_1_4' title="bbox 31 511 1075 867">
     <span class='ocr_line' id='line_1_6' title="bbox 31 511 1073 599; baseline -0.004 -15"><span class='ocrx_word' id='word_1_28' title='bbox 31 513 97 584; x_wconf 76' lang='lat' dir='ltr'><strong>Art.</strong></span> <span class='ocrx_word' id='word_1_29' title='bbox 120 515 153 582; x_wconf 85' lang='grc'><strong>9.</strong></span> <span class='ocrx_word' id='word_1_30' title='bbox 175 511 225 582; x_wconf 82' lang='lat' dir='ltr'><strong>Ao</strong></span> <span class='ocrx_word' id='word_1_31' title='bbox 246 512 371 598; x_wconf 74' lang='lat' dir='ltr'><strong>depelle</strong></span> <span class='ocrx_word' id='word_1_32' title='bbox 392 513 532 583; x_wconf 83' lang='lat' dir='ltr'><strong>deleatur</strong></span> <span class='ocrx_word' id='word_1_33' title='bbox 555 514 687 581; x_wconf 78' lang='lat' dir='ltr'><strong>aureolo.</strong></span> <span class='ocrx_word' id='word_1_34' title='bbox 705 515 742 599; x_wconf 90' lang='grc' dir='ltr'><strong>ιι.</strong></span> <span class='ocrx_word' id='word_1_35' title='bbox 756 514 837 594; x_wconf 83' lang='grc' dir='ltr'>Νοιι,</span> <span class='ocrx_word' id='word_1_36' title='bbox 862 514 941 599; x_wconf 84' lang='lat' dir='ltr'><strong>quie</strong></span> <span class='ocrx_word' id='word_1_37' title='bbox 955 514 991 582; x_wconf 91' lang='lat' dir='ltr'><strong>in</strong></span> <span class='ocrx_word' id='word_1_38' title='bbox 1007 511 1073 580; x_wconf 80' lang='lat' dir='ltr'><strong>A&#39;n-</strong></span> 
     </span>
     <span class='ocr_line' id='line_1_7' title="bbox 52 605 1075 691; baseline -0.003 -20"><span class='ocrx_word' id='word_1_39' title='bbox 52 605 133 691; x_wconf 81' lang='lat' dir='ltr'><strong>gelis</strong></span> <span class='ocrx_word' id='word_1_40' title='bbox 156 622 224 670; x_wconf 94' lang='lat' dir='ltr'><strong>non</strong></span> <span class='ocrx_word' id='word_1_41' title='bbox 247 609 296 669; x_wconf 91' lang='lat' dir='ltr'><strong>est</strong></span> <span class='ocrx_word' id='word_1_42' title='bbox 317 623 439 688; x_wconf 70' lang='lat' dir='ltr'><strong>pugna,</strong></span> <span class='ocrx_word' id='word_1_43' title='bbox 464 607 501 669; x_wconf 93' lang='lat' dir='ltr'><strong>ut</strong></span> <span class='ocrx_word' id='word_1_44' title='bbox 524 608 742 684; x_wconf 74' lang='lat' dir='ltr'>coronentur,</span> <span class='ocrx_word' id='word_1_45' title='bbox 765 623 827 670; x_wconf 91' lang='lat' dir='ltr'><strong>neo</strong></span> <span class='ocrx_word' id='word_1_46' title='bbox 853 607 978 672; x_wconf 89' lang='lat' dir='ltr'><strong>habent</strong></span> <span class='ocrx_word' id='word_1_47' title='bbox 1000 622 1075 669; x_wconf 88' lang='lat' dir='ltr'><strong>eor·</strong></span> 
     </span>
     <span class='ocr_line' id='line_1_8' title="bbox 53 693 1073 780; baseline -0.003 -20"><span class='ocrx_word' id='word_1_48' title='bbox 53 714 137 780; x_wconf 90' lang='lat' dir='ltr'><strong>pus,</strong></span> <span class='ocrx_word' id='word_1_49' title='bbox 159 698 198 760; x_wconf 92' lang='lat' dir='ltr'><strong>ut</strong></span> <span class='ocrx_word' id='word_1_50' title='bbox 220 713 279 777; x_wconf 90' lang='lat' dir='ltr'><strong>per</strong></span> <span class='ocrx_word' id='word_1_51' title='bbox 301 693 370 759; x_wconf 89' lang='lat' dir='ltr'><strong>eius</strong></span> <span class='ocrx_word' id='word_1_52' title='bbox 397 697 508 760; x_wconf 89' lang='lat' dir='ltr'><strong>aetum</strong></span> <span class='ocrx_word' id='word_1_53' title='bbox 532 693 691 773; x_wconf 86' lang='lat' dir='ltr'><strong>vineant,</strong></span> <span class='ocrx_word' id='word_1_54' title='bbox 719 695 783 760; x_wconf 87' lang='lat' dir='ltr'><strong>elo.</strong></span> <span class='ocrx_word' id='word_1_55' title='bbox 812 697 845 760; x_wconf 84' lang='lat' dir='ltr'><strong>et</strong></span> <span class='ocrx_word' id='word_1_56' title='bbox 879 713 948 762; x_wconf 93' lang='lat' dir='ltr'><strong>non</strong></span> <span class='ocrx_word' id='word_1_57' title='bbox 972 694 1073 760; x_wconf 88' lang='lat' dir='ltr'><strong>datur</strong></span> 
     </span>
     <span class='ocr_line' id='line_1_9' title="bbox 53 781 762 867; baseline -0.004 -16"><span class='ocrx_word' id='word_1_58' title='bbox 53 783 242 851; x_wconf 89' lang='lat' dir='ltr'><strong>amantibus</strong></span> <span class='ocrx_word' id='word_1_59' title='bbox 264 783 473 867; x_wconf 84' lang='lat' dir='ltr'><strong>martyrium,</strong></span> <span class='ocrx_word' id='word_1_60' title='bbox 497 781 560 847; x_wconf 83' lang='lat' dir='ltr'><strong>nisi</strong></span> <span class='ocrx_word' id='word_1_61' title='bbox 583 782 762 866; x_wconf 89' lang='lat' dir='ltr'><strong>patiantur.</strong></span> 
     </span>
    </p>

    <p class='ocr_par' dir='ltr' id='par_1_5' title="bbox 33 870 1078 1220">
     <span class='ocr_line' id='line_1_10' title="bbox 33 870 1076 957; baseline -0.006 -15"><span class='ocrx_word' id='word_1_62' title='bbox 33 873 100 942; x_wconf 81' lang='lat' dir='ltr'><strong>Art.</strong></span> <span class='ocrx_word' id='word_1_63' title='bbox 126 871 178 939; x_wconf 90' lang='lat' dir='ltr'><strong>l0.</strong></span> <span class='ocrx_word' id='word_1_64' title='bbox 200 870 250 938; x_wconf 79' lang='lat' dir='ltr'><strong>Aa</strong></span> <span class='ocrx_word' id='word_1_65' title='bbox 278 873 402 939; x_wconf 82' lang='lat' dir='ltr'><strong>aureolo</strong></span> <span class='ocrx_word' id='word_1_66' title='bbox 430 871 569 940; x_wconf 79' lang='lat' dir='ltr'><strong><em>debeatur</em></strong></span> <span class='ocrx_word' id='word_1_67' title='bbox 597 874 728 956; x_wconf 77' lang='lat' dir='ltr'><strong>corpori.</strong></span> <span class='ocrx_word' id='word_1_68' title='bbox 761 873 795 957; x_wconf 88' lang='grc' dir='ltr'>ιι.</span> <span class='ocrx_word' id='word_1_69' title='bbox 825 872 919 952; x_wconf 89' lang='lat' dir='ltr'><strong>Non,</strong></span> <span class='ocrx_word' id='word_1_70' title='bbox 946 872 1004 938; x_wconf 91' lang='lat' dir='ltr'><strong>sed</strong></span> <span class='ocrx_word' id='word_1_71' title='bbox 1041 871 1076 936; x_wconf 91' lang='lat' dir='ltr'><strong>in</strong></span> 
     </span>
     <span class='ocr_line' id='line_1_11' title="bbox 55 961 1075 1046; baseline -0.004 -17"><span class='ocrx_word' id='word_1_72' title='bbox 55 965 189 1042; x_wconf 86' lang='lat' dir='ltr'><strong>mente,</strong></span> <span class='ocrx_word' id='word_1_73' title='bbox 211 963 269 1028; x_wconf 90' lang='lat' dir='ltr'><strong>sed</strong></span> <span class='ocrx_word' id='word_1_74' title='bbox 299 980 358 1044; x_wconf 88' lang='lat' dir='ltr'><strong>por</strong></span> <span class='ocrx_word' id='word_1_75' title='bbox 391 963 559 1046; x_wconf 89' lang='lat' dir='ltr'><strong>quandam</strong></span> <span class='ocrx_word' id='word_1_76' title='bbox 589 961 846 1028; x_wconf 79' lang='lat' dir='ltr'><strong>redundantiam</strong></span> <span class='ocrx_word' id='word_1_77' title='bbox 877 961 1016 1046; x_wconf 76' lang='lat' dir='ltr'><strong>refulget</strong></span> <span class='ocrx_word' id='word_1_78' title='bbox 1040 961 1075 1025; x_wconf 91' lang='lat' dir='ltr'><strong>in</strong></span> 
     </span>
     <span class='ocr_line' id='line_1_12' title="bbox 55 1049 1078 1136; baseline -0.006 -16"><span class='ocrx_word' id='word_1_79' title='bbox 55 1069 205 1135; x_wconf 82' lang='lat' dir='ltr'><strong>corpore,</strong></span> <span class='ocrx_word' id='word_1_80' title='bbox 228 1051 312 1117; x_wconf 87' lang='lat' dir='ltr'><strong>siout</strong></span> <span class='ocrx_word' id='word_1_81' title='bbox 335 1072 376 1117; x_wconf 86' lang='lat' dir='ltr'><strong>ex</strong></span> <span class='ocrx_word' id='word_1_82' title='bbox 399 1051 518 1136; x_wconf 76' lang='lat' dir='ltr'><strong>gaudio</strong></span> <span class='ocrx_word' id='word_1_83' title='bbox 533 1051 697 1117; x_wconf 90' lang='lat' dir='ltr'><strong>essentiali</strong></span> <span class='ocrx_word' id='word_1_84' title='bbox 714 1051 879 1118; x_wconf 87' lang='lat' dir='ltr'><strong>redundat</strong></span> <span class='ocrx_word' id='word_1_85' title='bbox 905 1049 941 1117; x_wconf 92' lang='lat' dir='ltr'><strong>in</strong></span> <span class='ocrx_word' id='word_1_86' title='bbox 959 1067 1078 1133; x_wconf 83' lang='lat' dir='ltr'><strong>eorpus</strong></span> 
     </span>
     <span class='ocr_line' id='line_1_13' title="bbox 54 1138 834 1220; baseline -0.006 -10"><span class='ocrx_word' id='word_1_87' title='bbox 54 1145 167 1220; x_wconf 80' lang='lat' dir='ltr'><strong>decor,</strong></span> <span class='ocrx_word' id='word_1_88' title='bbox 189 1138 236 1204; x_wconf 83' lang='lat' dir='ltr'><strong>&#39;sio</strong></span> <span class='ocrx_word' id='word_1_89' title='bbox 259 1160 301 1206; x_wconf 85' lang='lat' dir='ltr'><strong>ex</strong></span> <span class='ocrx_word' id='word_1_90' title='bbox 324 1142 456 1207; x_wconf 86' lang='lat' dir='ltr'><strong>aureola</strong></span> <span class='ocrx_word' id='word_1_91' title='bbox 479 1140 609 1206; x_wconf 87' lang='lat' dir='ltr'><strong>mentis.</strong></span> <span class='ocrx_word' id='word_1_92' title='bbox 830 1189 834 1196; x_wconf 83' lang='lat'>.</span> 
     </span>
    </p>

    <p class='ocr_par' dir='ltr' id='par_1_6' title="bbox 33 1227 1084 1746">
     <span class='ocr_line' id='line_1_14' title="bbox 33 1227 1080 1315; baseline -0.005 -16"><span class='ocrx_word' id='word_1_93' title='bbox 33 1231 102 1299; x_wconf 82' lang='lat' dir='ltr'><strong>Art.</strong></span> <span class='ocrx_word' id='word_1_94' title='bbox 127 1228 181 1298; x_wconf 88' lang='lat' dir='ltr'><strong>li.</strong></span> <span class='ocrx_word' id='word_1_95' title='bbox 203 1227 256 1297; x_wconf 81' lang='lat' dir='ltr'><strong>Aa</strong></span> <span class='ocrx_word' id='word_1_96' title='bbox 277 1232 489 1297; x_wconf 81' lang='lat' dir='ltr'><strong>convenienter</strong></span> <span class='ocrx_word' id='word_1_97' title='bbox 512 1232 707 1315; x_wconf 76' lang='lat' dir='ltr'><strong>ossipneotor</strong></span> <span class='ocrx_word' id='word_1_98' title='bbox 732 1236 793 1297; x_wconf 78' lang='lat' dir='ltr'><strong>trra</strong></span> <span class='ocrx_word' id='word_1_99' title='bbox 820 1231 959 1298; x_wconf 82' lang='lat' dir='ltr'><strong>aureolae</strong></span> <span class='ocrx_word' id='word_1_100' title='bbox 981 1230 1080 1313; x_wconf 75' lang='lat' dir='ltr'><strong>oirpr‘·</strong></span> 
     </span>
     <span class='ocr_line' id='line_1_15' title="bbox 56 1318 1079 1404; baseline -0.005 -16"><span class='ocrx_word' id='word_1_101' title='bbox 56 1339 143 1402; x_wconf 82' lang='lat' dir='ltr'><strong>aom,</strong></span> <span class='ocrx_word' id='word_1_102' title='bbox 166 1326 354 1402; x_wconf 75' lang='lat' dir='ltr'><strong>martyram,</strong></span> <span class='ocrx_word' id='word_1_103' title='bbox 381 1321 544 1387; x_wconf 78' lang='lat' dir='ltr'><strong>doctorum.</strong></span> <span class='ocrx_word' id='word_1_104' title='bbox 570 1322 604 1404; x_wconf 90' lang='grc' dir='ltr'>ιι.</span> <span class='ocrx_word' id='word_1_105' title='bbox 636 1318 709 1397; x_wconf 87' lang='lat' dir='ltr'><strong>Sie,</strong></span> <span class='ocrx_word' id='word_1_106' title='bbox 738 1319 816 1404; x_wconf 86' lang='lat' dir='ltr'><strong>quia</strong></span> <span class='ocrx_word' id='word_1_107' title='bbox 838 1325 905 1386; x_wconf 89' lang='lat' dir='ltr'><strong>tres</strong></span> <span class='ocrx_word' id='word_1_108' title='bbox 926 1322 1005 1386; x_wconf 90' lang='lat' dir='ltr'><strong>sunt</strong></span> <span class='ocrx_word' id='word_1_109' title='bbox 1027 1319 1079 1384; x_wconf 90' lang='lat' dir='ltr'><strong>vi-</strong></span> 
     </span>
     <span class='ocr_line' id='line_1_16' title="bbox 57 1408 1082 1494; baseline -0.002 -17"><span class='ocrx_word' id='word_1_110' title='bbox 57 1410 172 1478; x_wconf 82' lang='lat' dir='ltr'><strong>etoriae</strong></span> <span class='ocrx_word' id='word_1_111' title='bbox 195 1409 408 1494; x_wconf 78' lang='lat' dir='ltr'><strong>privilegiatae</strong></span> <span class='ocrx_word' id='word_1_112' title='bbox 431 1409 467 1474; x_wconf 93' lang='lat' dir='ltr'><strong>in</strong></span> <span class='ocrx_word' id='word_1_113' title='bbox 490 1409 597 1476; x_wconf 89' lang='lat' dir='ltr'><strong>tribus</strong></span> <span class='ocrx_word' id='word_1_114' title='bbox 621 1408 762 1492; x_wconf 76' lang='lat' dir='ltr'><strong>pugnis,</strong></span> <span class='ocrx_word' id='word_1_115' title='bbox 798 1415 914 1476; x_wconf 86' lang='lat' dir='ltr'><strong>eontra</strong></span> <span class='ocrx_word' id='word_1_116' title='bbox 941 1409 1082 1476; x_wconf 83' lang='lat' dir='ltr'><strong>delecta·</strong></span> 
     </span>
     <span class='ocr_line' id='line_1_17' title="bbox 58 1498 1081 1586; baseline -0.004 -20"><span class='ocrx_word' id='word_1_117' title='bbox 58 1500 167 1567; x_wconf 87' lang='lat' dir='ltr'><strong>tiones</strong></span> <span class='ocrx_word' id='word_1_118' title='bbox 189 1515 357 1586; x_wconf 87' lang='lat' dir='ltr'><strong>venereas,</strong></span> <span class='ocrx_word' id='word_1_119' title='bbox 373 1505 406 1567; x_wconf 89' lang='lat' dir='ltr'><strong>et</strong></span> <span class='ocrx_word' id='word_1_120' title='bbox 420 1498 467 1565; x_wconf 87' lang='lat' dir='ltr'><strong>sie</strong></span> <span class='ocrx_word' id='word_1_121' title='bbox 481 1498 673 1583; x_wconf 77' lang='lat' dir='ltr'><strong>virginum3</strong></span> <span class='ocrx_word' id='word_1_122' title='bbox 690 1503 805 1566; x_wconf 82' lang='lat' dir='ltr'><strong>eontra</strong></span> <span class='ocrx_word' id='word_1_123' title='bbox 821 1499 986 1566; x_wconf 90' lang='lat' dir='ltr'><strong>mundum</strong></span> <span class='ocrx_word' id='word_1_124' title='bbox 1005 1516 1081 1582; x_wconf 90' lang='lat' dir='ltr'><strong>per·</strong></span> 
     </span>
     <span class='ocr_line' id='line_1_18' title="bbox 57 1579 1084 1674; baseline -0.004 -18"><span class='ocrx_word' id='word_1_125' title='bbox 57 1590 262 1674; x_wconf 86' lang='lat' dir='ltr'><strong>sequentem,</strong></span> <span class='ocrx_word' id='word_1_126' title='bbox 285 1591 320 1654; x_wconf 88' lang='lat' dir='ltr'><strong>et</strong></span> <span class='ocrx_word' id='word_1_127' title='bbox 341 1589 387 1655; x_wconf 87' lang='lat' dir='ltr'><strong>sio</strong></span> <span class='ocrx_word' id='word_1_128' title='bbox 410 1592 617 1674; x_wconf 90' lang='lat' dir='ltr'><strong>martyrum;</strong></span> <span class='ocrx_word' id='word_1_129' title='bbox 641 1590 757 1654; x_wconf 87' lang='lat' dir='ltr'><strong>eontra</strong></span> <span class='ocrx_word' id='word_1_130' title='bbox 779 1587 958 1670; x_wconf 89' lang='lat' dir='ltr'><strong>diabolum,</strong></span> <span class='ocrx_word' id='word_1_131' title='bbox 982 1593 1016 1656; x_wconf 93' lang='lat' dir='ltr'><strong>et</strong></span> <span class='ocrx_word' id='word_1_132' title='bbox 1037 1579 1084 1654; x_wconf 88' lang='lat' dir='ltr'><strong>sio&#39;</strong></span> 
     </span>
     <span class='ocr_line' id='line_1_19' title="bbox 58 1681 246 1746; baseline -0.016 0"><span class='ocrx_word' id='word_1_133' title='bbox 58 1681 246 1746; x_wconf 84' lang='lat' dir='ltr'><strong>doctorum.</strong></span> 
     </span>
    </p>

    <p class='ocr_par' dir='ltr' id='par_1_7' title="bbox 37 1764 1084 2031">
     <span class='ocr_line' id='line_1_20' title="bbox 37 1764 1083 1852; baseline -0.004 -15"><span class='ocrx_word' id='word_1_134' title='bbox 37 1766 106 1837; x_wconf 80' lang='lat' dir='ltr'><strong>Art.</strong></span> <span class='ocrx_word' id='word_1_135' title='bbox 131 1767 186 1834; x_wconf 76' lang='lat' dir='ltr'><strong>m.</strong></span> <span class='ocrx_word' id='word_1_136' title='bbox 207 1764 257 1834; x_wconf 84' lang='lat' dir='ltr'><strong>Ao</strong></span> <span class='ocrx_word' id='word_1_137' title='bbox 278 1767 402 1836; x_wconf 84' lang='lat' dir='ltr'><strong>aureolo</strong></span> <span class='ocrx_word' id='word_1_138' title='bbox 423 1769 581 1852; x_wconf 75' lang='lat' dir='ltr'><strong>oirpr&#39;ou&#39;m</strong></span> <span class='ocrx_word' id='word_1_139' title='bbox 602 1766 820 1850; x_wconf 80' lang='lat' dir='ltr'><strong>ritpolirsimo</strong></span> <span class='ocrx_word' id='word_1_140' title='bbox 835 1769 918 1835; x_wconf 76' lang='lat' dir='ltr'><strong>lotor</strong></span> <span class='ocrx_word' id='word_1_141' title='bbox 940 1767 1028 1834; x_wconf 81' lang='lat' dir='ltr'><strong>otior.</strong></span> <span class='ocrx_word' id='word_1_142' title='bbox 1046 1766 1083 1850; x_wconf 87' lang='grc' dir='ltr'><strong>ιι.</strong></span> 
     </span>
     <span class='ocr_line' id='line_1_21' title="bbox 60 1855 1084 1944; baseline -0.007 -18"><span class='ocrx_word' id='word_1_143' title='bbox 60 1857 255 1929; x_wconf 80' lang='lat' dir='ltr'><strong>seeundum</strong></span> <span class='ocrx_word' id='word_1_144' title='bbox 277 1857 359 1943; x_wconf 82' lang='lat' dir='ltr'><strong>quid</strong></span> <span class='ocrx_word' id='word_1_145' title='bbox 380 1857 437 1937; x_wconf 91' lang='lat' dir='ltr'><strong>sio,</strong></span> <span class='ocrx_word' id='word_1_146' title='bbox 460 1855 539 1942; x_wconf 90' lang='lat' dir='ltr'><strong>quia</strong></span> <span class='ocrx_word' id='word_1_147' title='bbox 567 1855 696 1940; x_wconf 82' lang='lat' dir='ltr'><strong>longior</strong></span> <span class='ocrx_word' id='word_1_148' title='bbox 720 1876 852 1944; x_wconf 76' lang='lat' dir='ltr'><strong>pugna,</strong></span> <span class='ocrx_word' id='word_1_149' title='bbox 881 1857 939 1924; x_wconf 87' lang='lat' dir='ltr'><strong>sed</strong></span> <span class='ocrx_word' id='word_1_150' title='bbox 960 1855 1084 1940; x_wconf 89' lang='lat' dir='ltr'><strong>simpli·</strong></span> 
     </span>
     <span class='ocr_line' id='line_1_22' title="bbox 58 1946 642 2031; baseline -0.009 -17"><span class='ocrx_word' id='word_1_151' title='bbox 58 1949 145 2014; x_wconf 80' lang='lat' dir='ltr'><strong>niter</strong></span> <span class='ocrx_word' id='word_1_152' title='bbox 168 1946 275 2030; x_wconf 87' lang='lat' dir='ltr'><strong>potior</strong></span> <span class='ocrx_word' id='word_1_153' title='bbox 298 1950 346 2014; x_wconf 91' lang='lat' dir='ltr'><strong>est</strong></span> <span class='ocrx_word' id='word_1_154' title='bbox 368 1947 423 2014; x_wconf 89' lang='lat' dir='ltr'><strong>illa</strong></span> <span class='ocrx_word' id='word_1_155' title='bbox 446 1950 642 2031; x_wconf 87' lang='lat' dir='ltr'><strong>martyrum.</strong></span> 
     </span>
    </p>

    <p class='ocr_par' dir='ltr' id='par_1_8' title="bbox 38 2031 1089 2572">
     <span class='ocr_line' id='line_1_23' title="bbox 38 2031 1087 2120; baseline -0.007 -14"><span class='ocrx_word' id='word_1_156' title='bbox 38 2036 107 2107; x_wconf 80' lang='lat' dir='ltr'><strong>Art.</strong></span> <span class='ocrx_word' id='word_1_157' title='bbox 131 2034 185 2104; x_wconf 76' lang='lat' dir='ltr'><strong>lo.</strong></span> <span class='ocrx_word' id='word_1_158' title='bbox 207 2035 258 2103; x_wconf 79' lang='lat' dir='ltr'><strong>Aa</strong></span> <span class='ocrx_word' id='word_1_159' title='bbox 272 2055 352 2105; x_wconf 82' lang='lat' dir='ltr'><strong>onos</strong></span> <span class='ocrx_word' id='word_1_160' title='bbox 367 2037 428 2118; x_wconf 79' lang='lat' dir='ltr'><strong>olio</strong></span> <span class='ocrx_word' id='word_1_161' title='bbox 444 2035 551 2103; x_wconf 80' lang='lat' dir='ltr'><strong>toleot</strong></span> <span class='ocrx_word' id='word_1_162' title='bbox 565 2035 763 2103; x_wconf 79' lang='lat' dir='ltr'><strong>enrolleoties</strong></span> <span class='ocrx_word' id='word_1_163' title='bbox 782 2035 945 2104; x_wconf 84' lang='lat' dir='ltr'><strong>aureolum.</strong></span> <span class='ocrx_word' id='word_1_164' title='bbox 971 2034 1008 2120; x_wconf 89' lang='grc' dir='ltr'><strong>ιι.</strong></span> <span class='ocrx_word' id='word_1_165' title='bbox 1021 2031 1087 2115; x_wconf 83' lang='lat' dir='ltr'><strong>Sir,</strong></span> 
     </span>
     <span class='ocr_line' id='line_1_24' title="bbox 61 2124 1087 2213; baseline -0.006 -19"><span class='ocrx_word' id='word_1_166' title='bbox 61 2130 165 2213; x_wconf 89' lang='lat' dir='ltr'><strong>prout</strong></span> <span class='ocrx_word' id='word_1_167' title='bbox 187 2125 343 2194; x_wconf 85' lang='lat' dir='ltr'><strong>meritum</strong></span> <span class='ocrx_word' id='word_1_168' title='bbox 358 2131 408 2193; x_wconf 84' lang='lat' dir='ltr'><strong>est</strong></span> <span class='ocrx_word' id='word_1_169' title='bbox 422 2126 537 2205; x_wconf 88' lang='lat' dir='ltr'><strong>maius,</strong></span> <span class='ocrx_word' id='word_1_170' title='bbox 553 2126 606 2190; x_wconf 91' lang='lat' dir='ltr'><strong>vel</strong></span> <span class='ocrx_word' id='word_1_171' title='bbox 631 2126 750 2192; x_wconf 88' lang='lat' dir='ltr'><strong>minus.</strong></span> <span class='ocrx_word' id='word_1_172' title='bbox 769 2124 860 2206; x_wconf 85' lang='lat' dir='ltr'><strong>ltem,</strong></span> <span class='ocrx_word' id='word_1_173' title='bbox 884 2127 1087 2210; x_wconf 86' lang='lat' dir='ltr'><strong>potestesse,</strong></span> 
     </span>
     <span class='ocr_line' id='line_1_25' title="bbox 62 2214 1087 2301; baseline -0.003 -16"><span class='ocrx_word' id='word_1_174' title='bbox 62 2222 100 2285; x_wconf 85' lang='lat' dir='ltr'><strong>ut</strong></span> <span class='ocrx_word' id='word_1_175' title='bbox 136 2214 212 2301; x_wconf 87' lang='lat' dir='ltr'><strong>quis</strong></span> <span class='ocrx_word' id='word_1_176' title='bbox 245 2214 281 2281; x_wconf 91' lang='lat' dir='ltr'><strong>in</strong></span> <span class='ocrx_word' id='word_1_177' title='bbox 312 2215 471 2301; x_wconf 83' lang='lat' dir='ltr'><strong>martyrio</strong></span> <span class='ocrx_word' id='word_1_178' title='bbox 506 2214 616 2281; x_wconf 92' lang='lat' dir='ltr'><strong>minus</strong></span> <span class='ocrx_word' id='word_1_179' title='bbox 650 2220 816 2282; x_wconf 90' lang='lat' dir='ltr'><strong>mereatur</strong></span> <span class='ocrx_word' id='word_1_180' title='bbox 845 2218 1010 2301; x_wconf 86' lang='lat' dir='ltr'><strong>quantum</strong></span> <span class='ocrx_word' id='word_1_181' title='bbox 1044 2214 1087 2282; x_wconf 89' lang='lat' dir='ltr'><strong>ad</strong></span> 
     </span>
     <span class='ocr_line' id='line_1_26' title="bbox 61 2304 1089 2392; baseline -0.006 -19"><span class='ocrx_word' id='word_1_182' title='bbox 61 2304 241 2392; x_wconf 85' lang='lat' dir='ltr'><strong>praemium</strong></span> <span class='ocrx_word' id='word_1_183' title='bbox 264 2305 452 2385; x_wconf 87' lang='lat' dir='ltr'><strong>essentiale,</strong></span> <span class='ocrx_word' id='word_1_184' title='bbox 481 2323 539 2371; x_wconf 88' lang='lat' dir='ltr'><strong>seu</strong></span> <span class='ocrx_word' id='word_1_185' title='bbox 561 2323 718 2385; x_wconf 90' lang='lat' dir='ltr'><strong>auream,</strong></span> <span class='ocrx_word' id='word_1_186' title='bbox 754 2305 842 2390; x_wconf 91' lang='lat' dir='ltr'><strong>quod</strong></span> <span class='ocrx_word' id='word_1_187' title='bbox 871 2308 925 2372; x_wconf 73' lang='lat' dir='ltr'><strong>‘est</strong></span> <span class='ocrx_word' id='word_1_188' title='bbox 947 2325 989 2370; x_wconf 88' lang='lat' dir='ltr'><strong>ex</strong></span> <span class='ocrx_word' id='word_1_189' title='bbox 1010 2305 1089 2368; x_wconf 85' lang='lat' dir='ltr'><strong>eha-</strong></span> 
     </span>
     <span class='ocr_line' id='line_1_27' title="bbox 62 2387 1088 2482; baseline -0.005 -19"><span class='ocrx_word' id='word_1_190' title='bbox 62 2397 175 2474; x_wconf 84' lang='lat' dir='ltr'><strong>ritate,</strong></span> <span class='ocrx_word' id='word_1_191' title='bbox 199 2398 232 2461; x_wconf 91' lang='lat' dir='ltr'><strong>et</strong></span> <span class='ocrx_word' id='word_1_192' title='bbox 255 2395 357 2482; x_wconf 77' lang='lat' dir='ltr'><strong>magis</strong></span> <span class='ocrx_word' id='word_1_193' title='bbox 379 2394 489 2481; x_wconf 88' lang='lat' dir='ltr'><strong>quoad</strong></span> <span class='ocrx_word' id='word_1_194' title='bbox 512 2394 679 2462; x_wconf 93' lang='lat' dir='ltr'><strong>aureolam</strong></span> <span class='ocrx_word' id='word_1_195' title='bbox 709 2398 845 2481; x_wconf 88' lang='lat' dir='ltr'><strong>propter</strong></span> <span class='ocrx_word' id='word_1_196' title='bbox 867 2387 1088 2462; x_wconf 83' lang='lat' dir='ltr'><strong>intentionem</strong></span> 
     </span>
     <span class='ocr_line' id='line_1_28' title="bbox 62 2503 186 2572; baseline -0.032 -18"><span class='ocrx_word' id='word_1_197' title='bbox 62 2503 186 2572; x_wconf 77' lang='lat' dir='ltr'><strong>operes.</strong></span> 
     </span>
    </p>
   </div>
   <div class='ocr_carea' id='block_1_4' title="bbox 192 2659 947 2926">
    <p class='ocr_par' dir='ltr' id='par_1_9' title="bbox 192 2659 947 2926">
     <span class='ocr_line' id='line_1_29' title="bbox 413 2659 734 2748; baseline -0.009 -19"><span class='ocrx_word' id='word_1_198' title='bbox 413 2659 595 2748; x_wconf 79' lang='lat' dir='ltr'><strong>QUAESl&#39;lO</strong></span> <span class='ocrx_word' id='word_1_199' title='bbox 617 2659 734 2733; x_wconf 82' lang='lat' dir='ltr'><strong>XCVll.</strong></span> 
     </span>
     <span class='ocr_line' id='line_1_30' title="bbox 192 2843 947 2926; baseline -0.003 -14"><span class='ocrx_word' id='word_1_200' title='bbox 192 2845 283 2912; x_wconf 82' lang='lat' dir='ltr'><strong>De</strong></span> <span class='ocrx_word' id='word_1_201' title='bbox 306 2858 479 2926; x_wconf 82' lang='lat' dir='ltr'><strong>poena</strong></span> <span class='ocrx_word' id='word_1_202' title='bbox 504 2843 947 2910; x_wconf 79' lang='lat' dir='ltr'><strong>damnatorum.</strong></span> 
     </span>
    </p>
   </div>
   <div class='ocr_carea' id='block_1_5' title="bbox 43 3018 1101 3739">
    <p class='ocr_par' dir='ltr' id='par_1_10' title="bbox 43 3018 1098 3468">
     <span class='ocr_line' id='line_1_31' title="bbox 43 3018 1097 3108; baseline -0.009 -14"><span class='ocrx_word' id='word_1_203' title='bbox 43 3023 117 3094; x_wconf 77' lang='lat' dir='ltr'><strong>Ari.</strong></span> <span class='ocrx_word' id='word_1_204' title='bbox 142 3019 173 3091; x_wconf 90' lang='lat' dir='ltr'><strong>l.</strong></span> <span class='ocrx_word' id='word_1_205' title='bbox 196 3019 248 3090; x_wconf 82' lang='lat' dir='ltr'><strong>Ao</strong></span> <span class='ocrx_word' id='word_1_206' title='bbox 270 3021 406 3091; x_wconf 70' lang='lat' dir='ltr'><strong>‹lorroroo⁸</strong></span> <span class='ocrx_word' id='word_1_207' title='bbox 428 3027 464 3089; x_wconf 78' lang='lat' dir='ltr'><strong>io</strong></span> <span class='ocrx_word' id='word_1_208' title='bbox 487 3023 609 3106; x_wconf 70' lang='lat' dir='ltr'><strong>inferno</strong></span> <span class='ocrx_word' id='word_1_209' title='bbox 632 3023 697 3089; x_wconf 80' lang='lat' dir='ltr'><strong>solo</strong></span> <span class='ocrx_word' id='word_1_210' title='bbox 716 3041 814 3108; x_wconf 81' lang='lat' dir='ltr'><strong>poeno</strong></span> <span class='ocrx_word' id='word_1_211' title='bbox 842 3024 927 3107; x_wconf 75' lang='lat' dir='ltr'><strong>iperio</strong></span> <span class='ocrx_word' id='word_1_212' title='bbox 949 3018 1097 3106; x_wconf 69' lang='lat' dir='ltr'><strong>uspiano·</strong></span> 
     </span>
     <span class='ocr_line' id='line_1_32' title="bbox 70 3111 1098 3197; baseline -0.004 -17"><span class='ocrx_word' id='word_1_213' title='bbox 70 3123 135 3182; x_wconf 81' lang='lat' dir='ltr'><strong>tor.</strong></span> <span class='ocrx_word' id='word_1_214' title='bbox 161 3114 195 3197; x_wconf 92' lang='grc' dir='ltr'><strong>ιι.</strong></span> <span class='ocrx_word' id='word_1_215' title='bbox 218 3112 307 3196; x_wconf 84' lang='grc' dir='ltr'>Νοιι,</span> <span class='ocrx_word' id='word_1_216' title='bbox 329 3113 386 3180; x_wconf 87' lang='lat' dir='ltr'><strong>sed</strong></span> <span class='ocrx_word' id='word_1_217' title='bbox 410 3133 451 3179; x_wconf 82' lang='lat' dir='ltr'><strong>ex</strong></span> <span class='ocrx_word' id='word_1_218' title='bbox 480 3111 591 3178; x_wconf 90' lang='lat' dir='ltr'><strong>multis</strong></span> <span class='ocrx_word' id='word_1_219' title='bbox 626 3112 710 3180; x_wconf 85' lang='lat' dir='ltr'><strong>siout</strong></span> <span class='ocrx_word' id='word_1_220' title='bbox 732 3113 767 3178; x_wconf 93' lang='lat' dir='ltr'><strong>in</strong></span> <span class='ocrx_word' id='word_1_221' title='bbox 792 3113 904 3181; x_wconf 89' lang='lat' dir='ltr'><strong>mullis</strong></span> <span class='ocrx_word' id='word_1_222' title='bbox 930 3111 1027 3179; x_wconf 84' lang='lat' dir='ltr'><strong>vanis</strong></span> <span class='ocrx_word' id='word_1_223' title='bbox 1057 3112 1098 3176; x_wconf 84' lang='lat' dir='ltr'><strong>fi-</strong></span> 
     </span>
     <span class='ocr_line' id='line_1_33' title="bbox 69 3199 1097 3286; baseline -0.004 -15"><span class='ocrx_word' id='word_1_224' title='bbox 69 3221 152 3271; x_wconf 91' lang='lat' dir='ltr'><strong>nem</strong></span> <span class='ocrx_word' id='word_1_225' title='bbox 174 3221 271 3269; x_wconf 89' lang='lat' dir='ltr'><strong>suum</strong></span> <span class='ocrx_word' id='word_1_226' title='bbox 294 3205 498 3286; x_wconf 84' lang='lat' dir='ltr'><strong>posuerunt,</strong></span> <span class='ocrx_word' id='word_1_227' title='bbox 522 3206 555 3268; x_wconf 89' lang='lat' dir='ltr'><strong>et</strong></span> <span class='ocrx_word' id='word_1_228' title='bbox 581 3199 628 3266; x_wconf 82' lang='lat' dir='ltr'><strong>sie</strong></span> <span class='ocrx_word' id='word_1_229' title='bbox 651 3202 841 3270; x_wconf 85' lang='lat' dir='ltr'><strong>transibunt</strong></span> <span class='ocrx_word' id='word_1_230' title='bbox 874 3203 1097 3270; x_wconf 74' lang='lat' dir='ltr'><strong>evenener-</strong></span> 
     </span>
     <span class='ocr_line' id='line_1_34' title="bbox 70 3289 1097 3376; baseline -0.006 -17"><span class='ocrx_word' id='word_1_231' title='bbox 70 3293 197 3359; x_wconf 86' lang='lat' dir='ltr'><strong>tissimo</strong></span> <span class='ocrx_word' id='word_1_232' title='bbox 220 3293 327 3359; x_wconf 84' lang='lat' dir='ltr'><strong>calore</strong></span> <span class='ocrx_word' id='word_1_233' title='bbox 348 3293 392 3359; x_wconf 90' lang='lat' dir='ltr'><strong>ad</strong></span> <span class='ocrx_word' id='word_1_234' title='bbox 415 3290 741 3358; x_wconf 85' lang='lat' dir='ltr'><strong>vehementissimum</strong></span> <span class='ocrx_word' id='word_1_235' title='bbox 763 3291 866 3376; x_wconf 82' lang='lat' dir='ltr'><strong>frigus</strong></span> <span class='ocrx_word' id='word_1_236' title='bbox 888 3291 962 3359; x_wconf 86' lang='lat' dir='ltr'><strong>sine</strong></span> <span class='ocrx_word' id='word_1_237' title='bbox 984 3289 1097 3374; x_wconf 88' lang='lat' dir='ltr'><strong>aliquo</strong></span> 
     </span>
     <span class='ocr_line' id='line_1_35' title="bbox 71 3381 255 3468; baseline -0.011 -18"><span class='ocrx_word' id='word_1_238' title='bbox 71 3381 255 3468; x_wconf 77' lang='lat' dir='ltr'><strong>refrigerio.</strong></span> 
     </span>
    </p>

    <p class='ocr_par' dir='ltr' id='par_1_11' title="bbox 47 3465 1098 3646">
     <span class='ocr_line' id='line_1_36' title="bbox 47 3465 1098 3558; baseline -0.008 -16"><span class='ocrx_word' id='word_1_239' title='bbox 47 3472 121 3542; x_wconf 82' lang='lat' dir='ltr'><strong>Art.</strong></span> <span class='ocrx_word' id='word_1_240' title='bbox 141 3471 175 3540; x_wconf 44' lang='lat' dir='ltr'><strong>w2.</strong></span> <span class='ocrx_word' id='word_1_241' title='bbox 198 3471 249 3540; x_wconf 76' lang='lat' dir='ltr'><strong>rio</strong></span> <span class='ocrx_word' id='word_1_242' title='bbox 268 3473 378 3539; x_wconf 73' lang='lat' dir='ltr'><strong>onmia</strong></span> <span class='ocrx_word' id='word_1_243' title='bbox 401 3471 617 3538; x_wconf 73' lang='lat' dir='ltr'><strong>‘damnatorum</strong></span> <span class='ocrx_word' id='word_1_244' title='bbox 634 3467 866 3556; x_wconf 80' lang='lat' dir='ltr'><strong>sit&#39;oorporotis.</strong></span> <span class='ocrx_word' id='word_1_245' title='bbox 885 3473 919 3558; x_wconf 85' lang='grc' dir='ltr'>ιι.</span> <span class='ocrx_word' id='word_1_246' title='bbox 935 3470 1025 3552; x_wconf 84' lang='grc' dir='ltr'>Νοιι,</span> <span class='ocrx_word' id='word_1_247' title='bbox 1040 3465 1098 3534; x_wconf 89' lang='lat' dir='ltr'><strong>sed</strong></span> 
     </span>
     <span class='ocr_line' id='line_1_37' title="bbox 72 3561 801 3646; baseline -0.005 -16"><span class='ocrx_word' id='word_1_248' title='bbox 72 3562 262 3646; x_wconf 87' lang='lat' dir='ltr'><strong>spiritualis,</strong></span> <span class='ocrx_word' id='word_1_249' title='bbox 286 3562 370 3630; x_wconf 81' lang='lat' dir='ltr'><strong>idest</strong></span> <span class='ocrx_word' id='word_1_250' title='bbox 394 3580 557 3629; x_wconf 91' lang='lat' dir='ltr'><strong>remorsus</strong></span> <span class='ocrx_word' id='word_1_251' title='bbox 580 3561 801 3628; x_wconf 84' lang='lat' dir='ltr'><strong>eonscientiae.</strong></span> 
     </span>
    </p>

    <p class='ocr_par' dir='ltr' id='par_1_12' title="bbox 49 3649 1101 3739">
     <span class='ocr_line' id='line_1_38' title="bbox 49 3649 1101 3739; baseline -0.006 -17"><span class='ocrx_word' id='word_1_252' title='bbox 49 3653 126 3725; x_wconf 83' lang='lat' dir='ltr'><strong>Art.</strong></span> <span class='ocrx_word' id='word_1_253' title='bbox 149 3651 181 3722; x_wconf 81' lang='lat'><strong>3.</strong></span> <span class='ocrx_word' id='word_1_254' title='bbox 205 3651 258 3721; x_wconf 75' lang='lat' dir='ltr'><strong>alo</strong></span> <span class='ocrx_word' id='word_1_255' title='bbox 279 3659 376 3722; x_wconf 75' lang='lat' dir='ltr'><strong>euros</strong></span> <span class='ocrx_word' id='word_1_256' title='bbox 397 3654 452 3739; x_wconf 77' lang='lat' dir='ltr'><strong>qui</strong></span> <span class='ocrx_word' id='word_1_257' title='bbox 474 3654 593 3722; x_wconf 77' lang='lat' dir='ltr'><strong>aritio</strong></span> <span class='ocrx_word' id='word_1_258' title='bbox 614 3651 776 3737; x_wconf 80' lang='lat' dir='ltr'><strong>demoniis,</strong></span> <span class='ocrx_word' id='word_1_259' title='bbox 798 3655 843 3722; x_wconf 83' lang='lat' dir='ltr'><strong>rit</strong></span> <span class='ocrx_word' id='word_1_260' title='bbox 860 3651 1039 3739; x_wconf 80' lang='lat' dir='ltr'><strong>corporalis.</strong></span> <span class='ocrx_word' id='word_1_261' title='bbox 1062 3649 1101 3738; x_wconf 78' lang='grc' dir='ltr'>ιι,</span> 
     </span>
    </p>
   </div>
   <div class='ocr_carea' id='block_1_6' title="bbox 0 0 1323 4220">
    <p class='ocr_par' dir='ltr' id='par_1_13' title="bbox 0 0 1323 4220">
     <span class='ocr_line' id='line_1_39' title="bbox 0 0 1323 4220; baseline 0 0"><span class='ocrx_word' id='word_1_262' title='bbox 0 0 1323 4220; x_wconf 95' lang='lat' dir='ltr'><strong> </strong></span> 
     </span>
    </p>
   </div>
  </div>
 </body>
</html>
