2652 4198
188 153 190 159 '
258 145 303 214 oo
570 164 616 215 rx
640 162 754 216 rnmn
779 163 898 215 nonrn

213 316 281 388 Art.
305 317 336 384 lt.
360 318 409 385 An
431 320 488 385 iste
510 339 563 386 oer
585 323 629 387 eit
649 321 730 387 toene
757 319 885 403 ponatis
911 316 1087 393 demonum.
1119 319 1157 402 it.
1184 317 1266 384 Dae-
1299 324 1301 412 t

237 409 390 474 monibus
413 410 537 493 duplex
559 411 649 477 loeus
671 412 822 487 debetur,
837 408 989 473 internus
1004 407 1132 474 ratione
1148 410 1263 492 oulpae
1301 432 1302 512 p

237 502 372 582 proptor
393 498 438 578 se,
461 504 495 564 et
518 521 574 566 aer
589 500 784 583 caliginosus
799 500 842 564 ob
857 495 1050 562 exercitium
1067 499 1262 577 hominum,
1302 542 1303 584 p

236 587 404 672 usquead
427 589 516 668 diem
539 588 669 672 iudicii,
693 588 795 654 etsie
819 587 939 671 partim
963 592 1198 654 remanserunt
1224 588 1263 654 iu
1301 601 1303 618 ⁴

236 696 311 742 aere
334 678 377 744 ad
401 678 628 761 probationem
653 677 837 755 hominum,
862 676 984 760 partim
1008 677 1043 741 in
1063 675 1197 743 interno
1216 679 1265 744 ad

238 767 463 850 torquendum
478 768 661 846 damnatos,
678 767 735 834 ubi
752 770 824 851 post
834 765 999 848 iudicium
1015 783 1130 832 omnes
1145 771 1268 846 erunt,

237 859 270 920 et
292 856 339 921 sio
361 861 440 922 sunt
462 857 558 924 utiles
581 856 615 924 in
640 856 758 923 ordine
781 855 940 922 universi.
956 853 1082 934 Dieere.
1097 857 1190 940 quon
1207 857 1268 923 hie

236 963 304 1012 non
329 944 512 1029 patiuntur,
537 951 585 1013 est
608 965 713 1012 error.
992 997 997 1006 .
1167 997 1170 1004 .

237 1035 248 1060 *
272 1034 357 1100 Dum
380 1035 517 1101 suntin
542 1055 618 1102 aere
640 1055 709 1102 non
733 1034 898 1103 minuitur
916 1053 1014 1118 poena
1029 1033 1166 1121 inferni,
1184 1056 1267 1121 pro-
1307 1107 1308 1112 ,

236 1126 311 1209 pter
340 1126 639 1208 apprehensionem
663 1126 730 1204 ‚toci
760 1145 828 1192 nou
857 1125 920 1192 sibi
950 1123 1199 1209 convenientis,
1231 1133 1269 1194 et

236 1233 348 1281 seeum
371 1215 485 1281 ferunt
508 1215 620 1301 ignem
643 1218 815 1300 geuennae.

595 1394 771 1482 Qomsno
796 1335 890 1465 orvs

230 1578 323 1641 De
349 1578 541 1658 opert}
566 1578 901 1645 creationis
927 1577 1251 1646 Oreaturae

556 1669 919 1752 corporalis·

215 1841 282 1911 Art.
308 1842 337 1912 t.
361 1843 411 1912 An
433 1853 575 1916 creatora
598 1847 764 1932 corporatis
786 1850 831 1913 eit
857 1866 876 1912 a
905 1844 980 1912 Deo.
1012 1846 1047 1929 ἡ.
1076 1843 1144 1925 Sin,
1173 1843 1267 1912 sieut
1314 1909 1315 1914 ,

235 1934 423 2016 spiritualis,
447 1939 525 2022 quia
548 1958 617 2006 esso
639 1957 816 2003 commune
839 1940 887 2002 est
909 1938 952 2001 ab
975 1955 1043 2002 una
1065 1953 1173 2004 causo.

214 2021 282 2090 Art.
306 2024 337 2090 2.
361 2024 411 2091 Ao
433 2036 575 2095 ereotoro
597 2029 765 2110 corporatis
793 2029 835 2092 eit
865 2029 947 2109 sorta
977 2032 1101 2109 propter
1124 2025 1185 2090 Des·
1216 2025 1268 2092 bo·

236 2116 373 2181 ettotam.
400 2117 434 2198 rt.
458 2113 521 2195 Sic,
544 2117 622 2201 quia
644 2117 730 2182 Deus
758 2120 809 2182 est
831 2117 921 2195 finis,
952 2115 987 2180 in
1017 2133 1117 2199 quem
1146 2116 1267 2182 omniu

238 2207 333 2268 sunt·
1224 2263 1227 2272 .

215 2288 284 2358 Art.
308 2291 339 2358 3.
362 2289 412 2358 Ao
427 2296 471 2361 ott
481 2295 628 2377 producto
642 2316 662 2364 o
676 2295 741 2363 Deo
756 2293 957 2376 mediantibus
972 2292 1108 2379 nupero.
1125 2294 1160 2377 rt.
1175 2292 1265 2372 Non,

236 2382 295 2446 sod
317 2381 507 2451 immediate
529 2406 548 2451 a
570 2384 648 2466 Deo,
672 2388 749 2472 quia
772 2386 912 2471 Angelus
928 2405 996 2472 non
1014 2387 1119 2468 potest
1134 2402 1264 2463 oreore,

236 2470 314 2554 quia
337 2474 380 2538 ad
402 2476 586 2541 creandum
611 2474 794 2560 requiritur
816 2478 924 2542 virtus
949 2475 1092 2542 infinita.

214 2556 283 2626 Art.
308 2559 411 2628 &nn
434 2566 539 2646 formo
562 2583 721 2649 corporum
743 2570 810 2632 nint
829 2567 866 2634 ot
888 2565 1024 2649 Ampelon.
1050 2567 1086 2650 rt.
1104 2563 1185 2641 Nou,
1199 2563 1264 2630 sed

237 2667 257 2714 a
278 2648 357 2727 Deo,
377 2656 415 2716 et
437 2654 562 2734 tormen,
586 2675 661 2738 quae
681 2657 726 2722 'de
749 2675 837 2722 novo
861 2657 956 2734 irunt,
982 2674 1050 2720 non
1069 2653 1261 2737 producun-

226 2739 293 2804 tur
316 2758 376 2823 per
397 2739 545 2826 Angelos,
569 2744 646 2828 quio
669 2747 774 2811 forma
798 2765 866 2811 non
891 2743 1102 2828 produntur,
1126 2743 1186 2810 sed
1210 2747 1263 2810 to-

237 2829 319 2909 tum,
343 2831 433 2914 quod
456 2831 554 2898 habet
575 2852 655 2912 esse,
678 2839 784 2922 potest
811 2834 897 2900 Deus
920 2853 980 2917 per
1003 2838 1138 2902 motum¹
1153 2829 1263 2917 Ange-

205 2982 210 2991 ,
235 2916 343 2983 torum
368 2917 475 2985 faeere
498 2923 629 3005 formas,
651 2926 710 2990 sed
733 2945 801 2991 non
826 2926 908 2990 tient
931 2943 991 3007 per
1007 2924 1183 3004 initurum,
1198 2924 1261 2990 sed

237 3010 458 3093 permotum,
482 3011 567 3080 siout
589 3015 708 3083 coetum
734 3019 784 3081 est
806 3033 903 3081 eausa
928 3014 1062 3082 motivo.
1172 3025 1177 3032 “
