2604 4210
422 135 499 188 o1v1
522 134 669 189 unoun.
956 116 1022 192 ili

39 273 51 298 ⁶
78 237 290 358 Magnitudo,
322 273 373 337 vel
409 271 559 339 debilitas
592 271 883 357 concupiscentiae,
912 274 940 340 si
962 273 1005 340 sit
1027 294 1069 341 ex

37 381 143 428 causa
167 361 340 446 corporali,
365 362 417 426 vel
441 362 584 428 naturali
607 364 850 447 complexione,
874 365 927 429 vel
950 384 992 430 ex
1014 383 1069 431 oc·

36 453 177 518 casione
198 451 466 528 delectationum,
490 457 623 536 augent,
640 455 693 518 vel
710 455 868 520 minuunt
892 453 1067 533 meritum;

37 541 68 605 si
95 561 177 606 vero
199 561 241 606 ex
265 560 361 606 causa
388 540 568 624 spirituali,
603 545 642 607 ut
665 562 706 608 ex
728 543 938 610 vehementia
961 543 1069 610 chari·

37 633 131 711 tatis,
157 631 208 698 vel
232 630 428 697 fortitudine
452 631 598 708 rationis,
615 636 696 698 tunc
714 631 863 699 debilitas
885 637 983 718 auget
999 652 1069 700 me·

36 720 147 786 ritum
169 721 299 786 ratione
320 739 388 785 suae
412 738 528 799 causae,
553 721 746 806 magnitudo
769 740 849 788 vero
873 722 1006 788 minuit.

403 896 581 980 Qunsuto
602 898 698 970 cnvl.

261 1083 352 1147 De
376 1080 833 1150 incontinentia.

16 1257 89 1326 Art.
107 1259 137 1326 l.
153 1256 203 1326 An
218 1259 446 1326 incontinentia
457 1261 615 1344 pertineat
627 1258 666 1324 od
680 1261 825 1340 animan,
837 1257 884 1326 nel
894 1275 1011 1340 corpus.
1028 1257 1064 1343 ιι.

39 1350 91 1414 Ad
113 1349 271 1427 animam,
294 1347 371 1432 quia
394 1352 443 1414 est
465 1367 562 1415 eausa
586 1368 646 1432 per
659 1367 694 1414 se
714 1345 977 1428 incontinentiae,
993 1366 1066 1414 cor·

41 1459 106 1520 pus
128 1438 386 1504 occasionaliter.

19 1527 89 1594 Art.
114 1527 145 1596 2.
169 1525 219 1595 An
241 1529 469 1594 incontinentia
497 1529 541 1594 sit
569 1534 734 1610 peccatum.
767 1529 803 1612 it.
833 1525 967 1611 Proprie
1001 1525 1064 1607 sic,

41 1618 120 1701 quia
145 1623 195 1683 est
216 1617 303 1683 circa
326 1617 606 1700 concupiscentias
629 1617 885 1683 delectationum
910 1620 1025 1684 tactus.

42 1705 57 1734 *
81 1708 171 1772 licet
193 1709 292 1772 homo
314 1710 407 1790 egeat
430 1705 488 1772 Dei
521 1707 659 1786 anxilio,
683 1706 784 1772 utsii
806 1705 991 1784 continens,
1017 1713 1065 1771 ta·

43 1815 121 1864 men
147 1797 390 1863 incontinentia
413 1802 461 1861 est
485 1799 664 1878 peccatum,
680 1795 757 1880 quia
773 1814 846 1880 quae
870 1814 929 1878 per
944 1796 1064 1862 amicos

43 1905 228 1969 possumne,
253 1885 437 1968 aliqualiter
460 1903 519 1969 per
543 1905 602 1951 nos
626 1904 806 1968 possumus.

23 1974 90 2042 Art.
113 1975 147 2044 3.
170 1973 221 2041 An
244 1976 440 2041 incontinens
460 1975 530 2058 plns
542 1983 645 2058 peccet
664 1992 753 2059 onom
777 1977 1003 2058 intemperatos.
1027 1976 1062 2060 rt.

41 2064 128 2145 Non,
153 2063 232 2150 quia
254 2065 359 2130 maior
381 2063 553 2130 inclinatio
586 2065 765 2131 voluntatis
788 2063 830 2130 ad
853 2065 1061 2148 peccandum

42 2160 89 2220 est
111 2154 151 2221 in
174 2154 247 2232 isto,
270 2154 347 2238 quia
371 2153 552 2219 inclinatur
573 2173 615 2220 ex
639 2152 764 2233 habitu,
789 2152 847 2238 qni
871 2158 1061 2237 permanet3

41 2248 75 2311 in
91 2245 151 2310 illo
166 2264 210 2309 ex
227 2243 386 2327 passione,
401 2261 476 2326 qnee
499 2247 618 2309 transit
624 2263 633 2325 ;
658 2242 844 2328 ignorantia
859 2245 1062 2328 subsequens

41 2333 73 2400 in
96 2335 157 2401 illo
180 2336 231 2398 est
253 2331 373 2411 minor,
397 2332 431 2397 io
452 2332 512 2398 isto
535 2339 646 2399 autem
669 2335 783 2400 maior.

23 2421 84 2491 let.
109 2424 143 2490 [ι.
167 2421 218 2490 An
239 2423 435 2488 incontinens
468 2425 524 2488 irc
552 2426 597 2490 sit
622 2424 708 2506 peior
741 2441 832 2508 pnom
865 2423 1062 2489 incontinens

41 2514 301 2598 concupiscentie.
327 2513 363 2596 it.
385 2509 435 2577 Ex
458 2515 551 2595 parte
584 2512 743 2597 passionis
767 2533 854 2590 non,
887 2511 966 2596 quia
989 2513 1060 2578 haec

42 2606 142 2670 habet
164 2601 324 2668 maiorem
346 2603 389 2667 de
412 2601 671 2681 ordinationem,
707 2621 807 2687 quam
841 2605 950 2667 motus
984 2601 1059 2688 irae,

40 2713 112 2777 qnae
138 2693 239 2759 habet
261 2691 334 2775 plus
356 2692 398 2757 de
422 2691 549 2758 ratione
583 2711 658 2758 cum
688 2695 825 2776 quaerat
858 2691 1059 2772 vindictam,

40 2787 71 2846 et
92 2781 247 2866 sequitur
269 2779 530 2865 complexionem
552 2786 586 2847 et
610 2782 816 2849 velocitatem
851 2781 1003 2861 cholerae,
1027 2787 1061 2854 et

40 2871 104 2955 agit
128 2889 207 2936 cnm
241 2869 391 2951 tristitia;
424 2871 482 2936 sed
505 2871 563 2954 qui
586 2889 627 2937 ex
649 2869 932 2955 concupiscentia,
969 2890 1059 2952 non,

40 2961 115 3026 licet
139 2960 190 3028 ira
213 2959 315 3045 magis
337 2959 538 3027 damnificet.

383 3136 560 3223 QUAESl'lO
587 3137 696 3210 ClVll.

24 3324 108 3389 De
135 3322 465 3389 clementia
485 3326 549 3386 et
572 3321 1055 3393 mansuetudine.

26 3500 85 3569 Art.
110 3501 141 3568 l.
163 3497 214 3566 An
237 3499 396 3565 clementio
418 3505 449 3564 et
469 3498 663 3565 mansuetudo
686 3501 753 3566 sint
771 3503 894 3584 penitus
917 3499 1003 3566 idem.
1023 3501 1057 3582 rt.

44 3590 253 3658 Concurrunt
276 3590 311 3654 in
335 3588 479 3653 eundem
503 3591 664 3669 ellectum,
689 3591 772 3657 idest
795 3590 976 3656 relraenant
999 3587 1059 3654 im·

44 3686 152 3764 petum
177 3678 317 3759 irae,sed
332 3679 550 3744 mansuetudo
574 3679 768 3746 moderatur
790 3679 971 3764 passionem
989 3679 1059 3762 irae,
