2604 4210
718 300 770 370 EX

295 602 297 608 Ι
337 591 341 598 ,
418 489 618 578 cenom
647 490 825 577 aaron
856 489 1072 581 sunum

587 679 631 746 D.
666 667 744 742 Ni
757 679 787 743 0
800 677 841 744 ii
853 680 896 744 Β

632 983 810 1072 QUAESTIO
833 985 857 1052 Ι·.

224 1169 316 1235 De
346 1158 773 1236 convenientia
804 1169 1274 1240 incarnationis.

224 1344 292 1417 Art.
317 1347 348 1414 i
370 1343 730 1430 concitationem
753 1345 850 1414 Deum
873 1347 1273 1432 incarnari.1t.8ic,tum

247 1436 323 1521 quia
347 1455 405 1520 per
427 1437 532 1502 Deum
556 1437 718 1503 visibilem
752 1441 996 1520 cognoscuntur
1029 1434 1230 1507 attributa
1219 1461 1274 1507 rn-

246 1525 390 1612 visibilia
407 1525 485 1594 Dei:
509 1529 546 1592 ut
568 1525 710 1604 Bonitas,
734 1525 867 1614 lustitia,
891 1523 1071 1608 Sapientia;
1098 1531 1174 1594 tum
1190 1530 1273 1614 quia

246 1633 377 1685 summa
398 1615 543 1694 bonitas,
567 1615 652 1682 idest
674 1603 776 1697 Deus,
801 1578 960 1682 convenit
982 1621 1025 1681 ut
1042 1619 1274 1685 communice-

246 1707 303 1769 tur
326 1709 454 1772 naturae
476 1707 642 1785 bumanae,
657 1705 733 1770 licet
752 1725 818 1772 non
836 1704 1031 1774 conveniret
1054 1711 1186 1774 naturae
1213 1710 1274 1773 bu·

246 1813 353 1878 mapae
376 1795 469 1865 uniri
489 1795 566 1874 Deo,
589 1814 652 1862 nec
675 1799 785 1878 tumen
809 1794 910 1866 Dono
917 1799 972 1865 esa
988 1791 1144 1868 mutatus.

250 1883 262 1907 ‘
285 1883 324 1950 Et
346 1883 423 1952 ticet
445 1882 655 1988 assumpserit
678 1884 801 1954 malum
826 1903 964 1968 poenae,
959 1905 1047 1956 non
1066 1891 1178 1957 nmen
1199 1906 1274 1952 ma·

247 1974 316 2042 tum
340 1975 462 2060 culpae,
486 1973 564 2058 quia
586 1973 616 2039 ei
644 1993 713 2040 non
736 1972 910 2040 convenit:
946 1977 995 2042 cst
1031 1979 1142 2044 tames
1178 1973 1272 2042 Deus

247 2063 382 2148 ubique,
406 2063 485 2150 qnia
506 2083 576 2131 non
599 2062 764 2130 clauditur
787 2082 896 2131 carue.

224 2150 292 2222 Art,
315 2151 348 2219 2.
370 2149 419 2221 Aa
442 2155 539 2237 fucrit
559 2154 758 2221 scaccarium
792 2154 963 2222 incarnari.
987 2155 1022 2238 ii
1045 2153 1116 2222 Nou
1138 2155 1271 2238 simpli·

248 2243 340 2321 citer,
363 2242 440 2327 quia
464 2243 572 2326 potuit
593 2243 665 2309 aliis
691 2241 763 2322 viis,
786 2243 844 2308 sed
859 2243 1042 2309 secundum
1065 2242 1157 2328 quid,
1183 2245 1271 2312 idest

248 2331 364 2398 meiius
387 2339 550 2417 quantum
572 2333 615 2398 ad
638 2334 750 2409 finem,
773 2351 875 2416 spem,
899 2333 1100 2410 charitatem,
1120 2334 1163 2398 ad
1187 2354 1271 2418 ope·

248 2422 427 2504 rationem,
461 2423 503 2488 ad
526 2420 858 2489 communicationem
887 2420 955 2501 sui,
985 2423 1027 2488 ad
1059 2426 1270 2490 removenda

248 2511 343 2589 mala,
365 2514 426 2578 etc.

247 2597 263 2625 *
285 2600 392 2667 Purus
421 2603 519 2667 homo
552 2619 621 2668 non
652 2601 759 2684 potuit
791 2601 976 2667 satisfacere
1008 2599 1181 2686 adaquato
1205 2621 1270 2685 pro

249 2693 316 2757 tota
340 2695 475 2770 natura,
511 2689 588 2776 quia
621 2694 793 2775 peccatum
816 2696 886 2757 erat
909 2689 1078 2758 infinitum
1113 2697 1268 2774 respectu

248 2778 319 2858 Dei,
341 2781 404 2846 nisi
428 2799 469 2846 ex
491 2780 715 2864 acceptatione
737 2779 807 2862 Dei,
829 2784 862 2844 ct
885 2779 1072 2846 reverentia
1088 2779 1123 2846 in
1146 2778 1267 2858 Deum,

249 2868 375 2935 eteius
398 2869 547 2936 maiestas
569 2874 717 2954 augetur.

227 2956 296 3026 trs.
319 2958 350 3026 3.
372 2958 422 3026 Ac
444 2962 473 3026 si
495 2962 580 3028 bomo
602 2979 667 3028 ooo
697 2966 854 3045 peccasset,
878 2957 960 3025 Deos
981 2960 1092 3041 sainct
1123 2961 1270 3026 incarna-

252 3055 309 3115 tus.
335 3050 370 3133 ii.
394 3049 475 3128 Non,
499 3050 575 3135 quia
600 3070 667 3117 non
691 3050 804 3116 fuisset
830 3050 982 3125 morbus,
1013 3067 1091 3133 ergo
1114 3067 1178 3115 nec
1200 3067 1272 3116 me·

251 3137 377 3216 dicina,
401 3139 492 3204 etin
516 3139 684 3224 Scriptura
718 3136 901 3206 incarnatio
922 3156 1052 3222 semper
1074 3137 1271 3205 attribuitur

251 3232 401 3309 peccato,
436 3227 511 3294 licet
534 3229 605 3296 sine
628 3234 761 3312 peccato
790 3227 946 3312 potuisset
979 3226 1158 3307 incarnari,
1191 3230 1270 3312 quia

251 3316 467 3400 omnipotens

249 3405 265 3436 *
289 3405 533 3474 Praedestinatio
567 3406 724 3489 supponit
745 3405 966 3491 cognitionem
1002 3407 1210 3483 futurorum,
1236 3411 1269 3472 et

250 3496 296 3560 sic
319 3495 567 3579 praedestinavit
589 3515 672 3578 opus
687 3495 922 3562 incarnationis
939 3497 973 3560 in
991 3494 1173 3561 remedium
1191 3513 1268 3577 pec·

251 3584 327 3649 cati.
350 3584 428 3650 item
453 3585 528 3655 Adae
550 3586 613 3650 fuit
638 3585 780 3652 revetata
802 3585 996 3664 incarnatio,
1020 3591 1053 3650 et
1078 3602 1145 3650 uon
1169 3603 1267 3650 causa

253 3672 500 3751 incarnationis,
524 3679 557 3740 et
580 3675 690 3760 tapsus
709 3674 791 3746 eius.
927 3701 929 3708 ⁴
