2614 4190
247 55 314 124 oto
485 71 531 124 ux
556 69 725 124 snouuuo
749 70 929 124 suouuon

225 197 298 258 tum
321 192 487 276 hypostasi
510 190 744 275 permanenti,
768 190 844 256 ideo
867 208 934 257 nou
949 247 953 264 ,
969 195 1018 258 est
1050 191 1253 277 simpliciter
1292 197 1293 200 ’

225 283 324 362 idem,
347 283 405 347 sed
427 282 610 348 secundum
626 279 708 366 quid
729 279 857 346 ratione
885 280 1053 362 materiae;
1077 281 1168 348 idem
1184 302 1255 348 nu·

226 391 319 437 mero
341 371 464 437 dicitur
487 370 612 455 aliquid
634 370 819 436 secundum
835 370 1056 456 suppositum
1072 369 1255 455 idemspe·

225 461 277 527 cie
298 461 481 527 secundum
505 460 667 536 formam,
690 463 725 525 et
746 459 792 526 sic
822 480 890 527 non
929 461 1088 526 remansit
1126 480 1255 528 unum.
1293 473 1294 520 1

226 550 307 617 ltcm
330 569 419 616 mors
437 548 564 616 Christo
588 569 656 614 non
673 548 831 631 competit
847 550 975 616 ratione
992 551 1166 633 suppositi,
1182 571 1257 636 quo

226 643 275 706 cst
298 659 416 719 unum,
438 640 496 705 sed
521 638 648 706 ratione
671 642 811 706 naturae
827 640 999 719 humana,
1021 640 1076 706 cui
1099 639 1188 720 vita,
1221 645 1258 706 et

226 748 317 795 mors
339 728 508 812 competit.
1294 793 1295 810 ¹

204 818 273 887 Art.
297 818 330 888 6.
353 821 403 886 Aa
426 836 507 885 mors
527 817 647 886 Christi
659 817 1039 902 sitopcrotoodoostrom
1053 819 1195 888 satutem.
1219 823 1258 904 ἡ.
1294 811 1295 902 ἶ

228 910 311 975 llors
333 907 453 974 Christi
478 908 512 973 in
536 908 609 974 lieri
632 908 689 988 sio,
712 909 790 992 quia
814 915 863 974 est
896 909 1011 974 cadem
1039 928 1117 975 cum
1149 910 1260 994 ipsius

227 999 397 1082 passione3
420 998 478 1066 sed
501 997 537 1063 in
560 998 646 1063 lacto
681 1016 770 1076 esse,
795 1018 864 1064 non
889 1017 947 1082 per
977 996 1113 1064 modum
1138 999 1259 1066 meriti

227 1090 285 1154 sed
308 1086 502 1154 efficientiae
524 1087 673 1153 rationae
698 1086 893 1158 divinitatis,
917 1086 998 1154 ltem
1021 1106 1110 1154 mors
1131 1087 1263 1156 Christi

228 1183 362 1261 operata
378 1183 426 1244 est
441 1177 700 1242 destructionem
716 1176 887 1262 utriusque
907 1176 1021 1244 mortis
1037 1182 1177 1259 nostrae,
1191 1179 1260 1244 sei·
1295 1247 1296 1250 ,

229 1267 305 1334 licet
327 1268 468 1347 animae,
490 1270 522 1330 et
544 1267 703 1350 corporis.

230 1356 241 1380 ‘
264 1357 348 1422 llors
371 1354 489 1422 Christi
513 1375 581 1422 non
606 1359 643 1422 ut
666 1356 819 1444 privatio,
842 1357 900 1425 sed
924 1357 1053 1424 virtute
1070 1354 1262 1426 divinitatis

230 1445 344 1515 unitae
367 1449 525 1530 operatur
548 1449 695 1514 nostram
718 1448 868 1515 salutem.

609 1625 787 1710 Quusrro
812 1626 858 1694 u.

370 1811 462 1876 De
489 1811 816 1892 sepultura
840 1811 1092 1880 Christi.

210 1988 278 2058 Art.
303 1989 334 2057 l.
358 1988 406 2056 Ao
428 1992 526 2074 fucrit
546 1990 725 2055 conveniens
752 1987 905 2058 Christum
927 1988 1059 2072 sepeliri.
1086 1989 1120 2072 ri,
1137 1986 1204 2066 Sic,
1216 1987 1257 2053 ad

234 2082 441 2164 probandam
465 2078 640 2144 veritatem
666 2079 805 2158 mortis,
829 2083 866 2144 ut
889 2097 980 2161 spem
1004 2077 1261 2144 resurrectionis

233 2169 331 2236 nobis
355 2171 469 2249 daret3
493 2172 527 2233 et
550 2168 592 2233 ad
615 2170 803 2250 cxcmplum
833 2173 1008 2248 nostrum,
1041 2167 1100 2251 qui
1130 2167 1258 2234 mortui

235 2259 377 2342 peccatis
400 2258 636 2324 abscondimur
659 2278 677 2323 a
701 2258 957 2323 conturbatione
980 2257 1167 2324 hominum.

234 2353 246 2373 *
270 2349 340 2416 Non
364 2348 544 2431 impeditur
568 2367 628 2432 pro
653 2346 896 2414 resurrectione
917 2366 976 2412 sua
989 2367 997 2427 ;
1014 2347 1259 2430 etproluitno·

220 2437 299 2518 ¹bis;
324 2442 357 2504 et
379 2458 453 2522 quae
476 2437 605 2504 salvant
627 2437 812 2516 homiuem,
848 2456 916 2502 non
944 2436 1069 2503 iaciunt
1096 2436 1258 2503 iniuriam

232 2528 311 2598 Deo.

210 2616 278 2685 Art.
301 2618 334 2685 2.
357 2616 406 2685 Αιι
432 2618 571 2685 Christos
594 2619 790 2684 convenienti
811 2617 896 2683 modo
919 2617 1018 2700 fucrit
1047 2614 1193 2700 sepultos.
1222 2617 1257 2701 ri.

233 2707 295 2787 Sic,
318 2713 353 2774 et
375 2707 409 2773 in
432 2710 559 2775 honore
580 2708 758 2789 sepulturae
780 2706 966 2773 ostenditur
981 2705 1088 2771 virtus
1111 2705 1257 2772 morien·

234 2798 298 2876 tis,
333 2797 392 2880 qui
420 2801 537 2866 contra
567 2796 787 2863 intentionem
817 2795 1039 2863 occidentium
1073 2795 1258 2862 honorilice

234 2887 404 2968 sepelitur.

236 2976 353 3042 *item
377 2977 412 3044 in
436 2976 604 3060 sepultura
628 2981 678 3042 cst
705 2976 887 3042 servandus
922 2993 991 3042 mos
1020 2974 1137 3060 gentis.
1173 2972 1257 3040 ltem

236 3065 359 3147 omnia,
382 3086 456 3150 quae
486 3071 667 3132 narrantur
701 3067 743 3132 de
775 3066 944 3147 sepultura
978 3063 1095 3132 Christi
1131 3065 1257 3132 habent

236 3154 408 3239 mysticam
431 3155 717 3238 significationem.

214 3243 281 3313 Art.
306 3244 337 3312 3.
348 3244 398 3312 Aa
413 3263 520 3328 corpus
538 3244 652 3311 Christi
665 3247 763 3328 fucrit
777 3249 812 3312 to
826 3244 982 3330 sepulchro
999 3246 1216 3312 incineratum.
1233 3247 1256 3330 ri

237 3335 318 3413 Non,
342 3335 421 3419 quia
444 3353 532 3399 mors
555 3353 623 3399 non
646 3335 709 3399 luit
732 3356 773 3400 ex
790 3335 993 3412 infirmitate,
1008 3335 1066 3400 sed
1083 3334 1255 3402 voluntate

237 3426 318 3490 cius.
341 3423 421 3490 ltenr
444 3442 563 3506 corpus
578 3420 697 3490 Christi
712 3443 788 3490 curn
805 3430 917 3492 nostro
933 3423 995 3488 tuit
1013 3424 1161 3489 eiusdem
1176 3443 1256 3490 con·

238 3513 383 3594 ditionis,
406 3519 568 3599 quantum
591 3512 633 3580 ad
657 3517 833 3596 naturam3
857 3534 926 3582 non
950 3516 1113 3598 quantum
1125 3513 1169 3580 ad
1186 3533 1254 3580 me·

239 3603 353 3684 ritum,
376 3607 410 3690 et
433 3602 601 3671 virtutem.
