2604 4210
436 127 512 185 ιιιιι
536 126 682 186 rnoum.
965 105 1030 188 art

60 271 173 336 cidens
195 270 232 336 in
256 269 451 336 occidentali
474 270 612 336 Ecclesia
635 270 824 337 Sacerdotes
847 270 1003 338 emittunt
1019 290 1077 338 vo·

60 363 131 424 tum
155 359 325 425 castitatis:
350 360 426 424 licet
455 380 576 426 nomen
601 359 787 444 Presbyteri
817 360 978 445 signiticet
1002 361 1075 445 Epi·

59 467 195 551 scopum
219 454 252 514 et
274 448 492 525 Sacerdotem,
511 449 571 515 ut
562 469 596 514 ιιι
615 450 783 532 primitiva
799 449 950 532 Ecclesia,
963 455 1075 518 tamen

61 539 94 602 in
120 558 156 606 re
178 557 310 622 semper
333 538 470 604 luerunt
492 539 649 604 distineti.

40 625 104 695 Art.
129 628 161 696 7.
184 626 235 695 Aa
255 636 352 694 status
374 630 587 713 relipiorcrum
610 633 654 695 eit
672 631 846 714 perfectior,
870 649 959 714 quum
981 637 1079 697 status

58 718 266 800 prelatorum
291 719 326 800 ιι
349 717 430 796 Non,
454 719 511 784 sed
536 717 768 802 Episcoporum
797 724 900 786 status
922 723 972 787 est
1002 739 1078 805 per-

61 808 186 886 tectior,
209 809 300 874 unde
323 807 491 891 religiosus
514 813 618 891 potest
642 808 712 874 fieri
729 808 915 893 Episcopus,
930 811 989 876 sed
1005 828 1075 876 non

61 902 189 964 contra.

61 984 348 1052 *Abrenundatio
371 1005 495 1066 rerum,
520 991 557 1051 ut
580 993 628 1052 est
643 993 729 1066 actu,
754 1007 821 1055 non
845 994 894 1054 est
910 989 1080 1072 perfectio,

62 1080 97 1139 nt
120 1081 169 1142 est
193 1076 227 1140 in
263 1078 503 1158 preparatione
537 1077 657 1154 animi,
681 1077 743 1155 sic,
767 1083 799 1144 et
834 1080 919 1144 hanc
953 1079 1079 1144 habent

63 1165 219 1248 Episcopi,
243 1167 321 1248 quia
356 1171 513 1232 tenentur
542 1167 654 1232 omnia
686 1171 900 1233 contemnere
929 1186 990 1251 pro
1020 1169 1080 1233 ho·

64 1274 143 1320 nore
167 1254 244 1332 Dei,
267 1254 319 1318 vel
351 1255 455 1321 salute
490 1256 613 1339 gregiS,
644 1257 694 1322 vel
732 1257 930 1341 pauperibus
954 1257 1077 1323 dando.

64 1343 142 1409 ltem
172 1345 259 1409 ultra
288 1344 429 1410 activam
458 1346 561 1409 vitam
592 1344 755 1428 Episcopis
790 1346 892 1431 magis
921 1343 1082 1412 convenit

64 1433 318 1515 contemplativa
341 1453 440 1518 quam
465 1434 631 1518 religiosis,
648 1435 725 1518 quia
748 1441 907 1502 tenentur
931 1439 1078 1501 contem·

65 1524 146 1606 plari
171 1543 239 1589 non
261 1524 368 1588 solum
398 1527 532 1607 propter
554 1543 588 1589 se
611 1525 706 1607 ipsos,
740 1528 798 1592 sed
833 1525 1000 1591 etiamad
1025 1524 1078 1589 in·

63 1615 278 1680 structionem
301 1613 451 1678 aliorum.

47 1702 108 1769 Art.
130 1703 163 1770 8.
187 1700 237 1769 ιιιι
258 1702 443 1785 Presbyteri,
470 1703 579 1770 Cureti
612 1710 644 1769 et
662 1702 878 1770 Arrbidiuccoi
900 1707 968 1771 siat
988 1703 1081 1770 moio-

65 1795 108 1858 ris
140 1795 347 1876 perfectioris,
370 1812 459 1875 qnam
493 1795 641 1876 relipiosi.
668 1797 702 1876 ι
727 1794 814 1872 Non,
838 1794 896 1858 sed
926 1792 1082 1876 religiosi,

66 1883 140 1965 quia
165 1882 199 1946 ιιι
224 1885 359 1965 possunt
389 1883 495 1947 lacere
518 1883 629 1958 omnia
657 1902 732 1966 quae
755 1883 815 1960 illi,
839 1887 872 1946 et
896 1881 1082 1970 Presbyteri

68 1976 201 2053 possunt
235 1971 422 2054 relinquere
456 1991 514 2037 sua
550 1992 705 2051 munera,
742 1977 776 2036 et
800 1931 929 2056 ingredi
953 1969 1081 2055 religio·

68 2080 153 2126 nem.
179 2060 258 2126 ltem
283 2062 384 2144 magis
419 2068 569 2144 peccaret
602 2061 772 2128 clericus
763 2081 798 2127 ιιι
830 2061 931 2126 sacris
962 2058 1085 2127 taciens

69 2156 181 2216 contra
205 2150 413 2216 sanctitatem
437 2152 574 2232 ordinis,
598 2169 698 2235 qnam
722 2151 822 2218 laicus
845 2151 1017 2236 regularis.

376 2327 554 2414 obesum
577 2329 743 2401 CLXXXV,

202 2513 295 2578 De
318 2511 416 2576 his
434 2527 589 2592 quae
612 2512 927 2593 pertinent

158 2601 237 2668 ad
260 2606 488 2666 statum
512 2604 979 2684 Episcoporum.

52 2777 114 2845 Art.
139 2779 171 2846 ι.
193 2778 244 2845 An
269 2779 359 2846 liceat
381 2777 593 2862 Episcopomm
616 2787 762 2864 oppetere.
783 2780 818 2864 ιι.
833 2775 995 2861 ιιιιιιιιιιι
1016 2775 1089 2860 Epi·

72 2872 241 2953 scopatum
266 2868 393 2935 ratione
416 2869 612 2934 reverentiae
635 2875 668 2935 et
690 2868 836 2945 honoris,
850 2869 902 2932 vel
925 2865 1108 2936 sullicien-.

73 2959 125 3024 tiae
148 2961 316 3026 bonorum
331 2958 574 3042 temporalium,
594 2978 662 3024 non
687 2957 773 3036 licet,
789 2957 866 3040 quia
888 2959 937 3022 est
952 2954 1089 3022 ambitio

74 3053 105 3112 et
127 3047 302 3132 cupiditas.
322 3048 401 3113 ltem
424 3048 554 3114 ratione
577 3048 698 3131 gradus
714 3047 771 3114 alti
794 3050 842 3111 est
866 3044 1089 3129 praesumptio.

73 3137 150 3204 ltem
176 3137 305 3203 ratione
339 3138 510 3220 pascendi,
535 3137 619 3203 idest
642 3137 713 3203 aliis
747 3138 914 3220 prodesse,
940 3135 1091 3219 quamvis

73 3249 112 3292 ex
137 3247 173 3292 se
196 3226 302 3307 liceat,
327 3232 437 3292 tamen
461 3227 537 3311 quia
561 3228 660 3293 habet
682 3245 845 3293 annexam
862 3225 1092 3291 celsitudinem

74 3318 195 3400 gradus
219 3320 268 3382 est
301 3317 531 3401 praesumptio,
556 3322 593 3382 ut
625 3317 682 3401 qui
713 3335 860 3400 pracesse
888 3317 1021 3397 appetat
1054 3316 1093 3377 ut

12 3443 13 3496 l
76 3407 144 3472 aliis
169 3407 282 3490 prosit,
307 3406 371 3471 nisi
395 3406 566 3472 manifesta
589 3404 763 3472 necessitas
785 3403 967 3482 immineat,
991 3403 1043 3467 ιιι
1065 3401 1093 3466 si

76 3497 122 3561 sit
146 3495 183 3563 in
208 3496 265 3561 tali
288 3494 404 3576 cilicio,
427 3497 480 3562 vel
504 3496 584 3562 sciat
606 3515 641 3560 se
663 3493 802 3581 dignum
826 3493 882 3559 tali
905 3490 1017 3574 opere,
1046 3491 1092 3555 ita

76 3585 171 3653 utin
196 3585 360 3654 desiderio
383 3588 478 3653 cadat
500 3604 582 3672 opus
606 3587 743 3669 bonum,
767 3603 835 3653 non
860 3582 1021 3667 primatus
1043 3579 1127 3676 di·

76 3675 222 3760 gnitatis.
