<?xml version="1.0" encoding="UTF-8"?>
<!DOCTYPE html PUBLIC "-//W3C//DTD XHTML 1.0 Transitional//EN"
    "http://www.w3.org/TR/xhtml1/DTD/xhtml1-transitional.dtd">
<html xmlns="http://www.w3.org/1999/xhtml" xml:lang="en" lang="en">
 <head>
  <title>
</title>
<meta http-equiv="Content-Type" content="text/html;charset=utf-8" />
  <meta name='ocr-system' content='tesseract 3.04.00' />
  <meta name='ocr-capabilities' content='ocr_page ocr_carea ocr_par ocr_line ocrx_word'/>
</head>
<body>
  <div class='ocr_page' id='page_1' title='image "./theologicsummco00thomgoog_0341.png"; bbox 0 0 2604 4210; ppageno 0'>
   <div class='ocr_carea' id='block_1_1' title="bbox 266 109 963 187">
    <p class='ocr_par' dir='ltr' id='par_1_1' title="bbox 266 109 963 187">
     <span class='ocr_line' id='line_1_1' title="bbox 266 109 963 187; baseline -0.003 -3"><span class='ocrx_word' id='word_1_1' title='bbox 266 109 333 184; x_wconf 83' lang='lat'><strong>330</strong></span> <span class='ocrx_word' id='word_1_2' title='bbox 517 135 564 184; x_wconf 80' lang='lat' dir='ltr'><strong>ex</strong></span> <span class='ocrx_word' id='word_1_3' title='bbox 594 133 760 187; x_wconf 77' lang='lat' dir='ltr'><strong>securum</strong></span> <span class='ocrx_word' id='word_1_4' title='bbox 786 129 963 184; x_wconf 73' lang='lat' dir='ltr'><strong>secundm</strong></span> 
     </span>
    </p>
   </div>
   <div class='ocr_carea' id='block_1_2' title="bbox 199 269 1300 3312">
    <p class='ocr_par' dir='ltr' id='par_1_2' title="bbox 242 269 1289 530">
     <span class='ocr_line' id='line_1_2' title="bbox 244 269 1289 354; baseline -0.001 -20"><span class='ocrx_word' id='word_1_5' title='bbox 244 275 494 353; x_wconf 86' lang='lat' dir='ltr'><strong>consequuntur</strong></span> <span class='ocrx_word' id='word_1_6' title='bbox 517 272 722 354; x_wconf 77' lang='lat' dir='ltr'><strong>operationes</strong></span> <span class='ocrx_word' id='word_1_7' title='bbox 746 271 922 349; x_wconf 74' lang='lat' dir='ltr'><strong>naturales,</strong></span> <span class='ocrx_word' id='word_1_8' title='bbox 945 269 1064 354; x_wconf 90' lang='lat' dir='ltr'><strong>quibus</strong></span> <span class='ocrx_word' id='word_1_9' title='bbox 1085 288 1289 333; x_wconf 88' lang='lat' dir='ltr'><strong>conserva-</strong></span> 
     </span>
     <span class='ocr_line' id='line_1_3' title="bbox 243 361 1288 443; baseline 0 -21"><span class='ocrx_word' id='word_1_10' title='bbox 243 363 299 423; x_wconf 90' lang='lat' dir='ltr'><strong>tur</strong></span> <span class='ocrx_word' id='word_1_11' title='bbox 324 365 441 425; x_wconf 87' lang='lat' dir='ltr'><strong>natura</strong></span> <span class='ocrx_word' id='word_1_12' title='bbox 466 361 641 437; x_wconf 83' lang='lat' dir='ltr'><strong>individui,</strong></span> <span class='ocrx_word' id='word_1_13' title='bbox 657 367 690 425; x_wconf 91' lang='lat' dir='ltr'><strong>et</strong></span> <span class='ocrx_word' id='word_1_14' title='bbox 704 361 834 443; x_wconf 85' lang='lat' dir='ltr'><strong>speciei,</strong></span> <span class='ocrx_word' id='word_1_15' title='bbox 850 361 907 425; x_wconf 90' lang='lat' dir='ltr'><strong>sed</strong></span> <span class='ocrx_word' id='word_1_16' title='bbox 926 363 993 424; x_wconf 80' lang='lat' dir='ltr'><strong>liaeo</strong></span> <span class='ocrx_word' id='word_1_17' title='bbox 1008 364 1288 443; x_wconf 89' lang='lat' dir='ltr'><strong>consequuntur</strong></span> 
     </span>
     <span class='ocr_line' id='line_1_4' title="bbox 242 449 1007 530; baseline -0.001 -18"><span class='ocrx_word' id='word_1_18' title='bbox 242 467 374 513; x_wconf 89' lang='lat' dir='ltr'><strong>sensum</strong></span> <span class='ocrx_word' id='word_1_19' title='bbox 400 454 516 530; x_wconf 87' lang='lat' dir='ltr'><strong>tactus,</strong></span> <span class='ocrx_word' id='word_1_20' title='bbox 539 455 571 516; x_wconf 91' lang='lat' dir='ltr'><strong>et</strong></span> <span class='ocrx_word' id='word_1_21' title='bbox 593 450 788 515; x_wconf 84' lang='lat' dir='ltr'><strong>secundario</strong></span> <span class='ocrx_word' id='word_1_22' title='bbox 811 449 897 514; x_wconf 88' lang='lat' dir='ltr'><strong>circa</strong></span> <span class='ocrx_word' id='word_1_23' title='bbox 920 449 1007 514; x_wconf 85' lang='lat' dir='ltr'><strong>alias.</strong></span> 
     </span>
    </p>

    <p class='ocr_par' dir='ltr' id='par_1_3' title="bbox 220 535 1289 1248">
     <span class='ocr_line' id='line_1_5' title="bbox 220 535 1289 624; baseline 0 -20"><span class='ocrx_word' id='word_1_24' title='bbox 220 535 287 604; x_wconf 79' lang='lat' dir='ltr'><strong>Art.</strong></span> <span class='ocrx_word' id='word_1_25' title='bbox 312 539 343 604; x_wconf 81' lang='lat'><strong>5.</strong></span> <span class='ocrx_word' id='word_1_26' title='bbox 367 537 415 605; x_wconf 82' lang='lat' dir='ltr'><strong>dc</strong></span> <span class='ocrx_word' id='word_1_27' title='bbox 438 543 521 607; x_wconf 85' lang='lat' dir='ltr'><strong>circo</strong></span> <span class='ocrx_word' id='word_1_28' title='bbox 541 543 682 624; x_wconf 78' lang='lat' dir='ltr'><strong>proprios</strong></span> <span class='ocrx_word' id='word_1_29' title='bbox 713 540 921 606; x_wconf 80' lang='lat' dir='ltr'><strong>delectationes</strong></span> <span class='ocrx_word' id='word_1_30' title='bbox 951 547 1056 620; x_wconf 72' lang='lat' dir='ltr'><strong>postris</strong></span> <span class='ocrx_word' id='word_1_31' title='bbox 1084 540 1134 603; x_wconf 81' lang='lat' dir='ltr'><strong>sit</strong></span> <span class='ocrx_word' id='word_1_32' title='bbox 1167 545 1289 622; x_wconf 74' lang='lat' dir='ltr'><strong>tempe·</strong></span> 
     </span>
     <span class='ocr_line' id='line_1_6' title="bbox 243 629 1285 714; baseline 0.001 -23"><span class='ocrx_word' id='word_1_33' title='bbox 243 631 360 693; x_wconf 79' lang='lat' dir='ltr'><strong>raetia.</strong></span> <span class='ocrx_word' id='word_1_34' title='bbox 391 633 424 708; x_wconf 73' lang='lat' dir='ltr'><strong>ri.</strong></span> <span class='ocrx_word' id='word_1_35' title='bbox 452 630 679 714; x_wconf 75' lang='lat' dir='ltr'><strong>principaliter</strong></span> <span class='ocrx_word' id='word_1_36' title='bbox 702 635 750 694; x_wconf 91' lang='lat' dir='ltr'><strong>est</strong></span> <span class='ocrx_word' id='word_1_37' title='bbox 773 629 859 695; x_wconf 84' lang='lat' dir='ltr'><strong>circa</strong></span> <span class='ocrx_word' id='word_1_38' title='bbox 884 629 1115 693; x_wconf 79' lang='lat' dir='ltr'><strong>delectationes</strong></span> <span class='ocrx_word' id='word_1_39' title='bbox 1145 633 1285 708; x_wconf 88' lang='lat' dir='ltr'><strong>taetus,</strong></span> 
     </span>
     <span class='ocr_line' id='line_1_7' title="bbox 242 717 1286 802; baseline 0.001 -21"><span class='ocrx_word' id='word_1_40' title='bbox 242 719 437 783; x_wconf 88' lang='lat' dir='ltr'><strong>secundario</strong></span> <span class='ocrx_word' id='word_1_41' title='bbox 460 720 546 784; x_wconf 87' lang='lat' dir='ltr'><strong>circa</strong></span> <span class='ocrx_word' id='word_1_42' title='bbox 569 719 648 784; x_wconf 80' lang='lat' dir='ltr'><strong>ulios</strong></span> <span class='ocrx_word' id='word_1_43' title='bbox 670 738 801 795; x_wconf 88' lang='lat' dir='ltr'><strong>sensus,</strong></span> <span class='ocrx_word' id='word_1_44' title='bbox 825 724 858 782; x_wconf 91' lang='lat' dir='ltr'><strong>et</strong></span> <span class='ocrx_word' id='word_1_45' title='bbox 881 717 984 802; x_wconf 81' lang='lat' dir='ltr'><strong>magis</strong></span> <span class='ocrx_word' id='word_1_46' title='bbox 1006 717 1092 782; x_wconf 90' lang='lat' dir='ltr'><strong>circa</strong></span> <span class='ocrx_word' id='word_1_47' title='bbox 1117 724 1286 800; x_wconf 83' lang='lat' dir='ltr'><strong>gustum,</strong></span> 
     </span>
     <span class='ocr_line' id='line_1_8' title="bbox 241 806 1285 892; baseline 0.004 -23"><span class='ocrx_word' id='word_1_48' title='bbox 241 806 299 890; x_wconf 91' lang='lat' dir='ltr'><strong>qui</strong></span> <span class='ocrx_word' id='word_1_49' title='bbox 333 813 381 870; x_wconf 89' lang='lat' dir='ltr'><strong>est</strong></span> <span class='ocrx_word' id='word_1_50' title='bbox 412 807 629 892; x_wconf 78' lang='lat' dir='ltr'><strong>propinquior</strong></span> <span class='ocrx_word' id='word_1_51' title='bbox 664 809 780 884; x_wconf 88' lang='lat' dir='ltr'><strong>tactui,</strong></span> <span class='ocrx_word' id='word_1_52' title='bbox 813 813 846 872; x_wconf 89' lang='lat' dir='ltr'><strong>et</strong></span> <span class='ocrx_word' id='word_1_53' title='bbox 875 808 922 872; x_wconf 89' lang='lat' dir='ltr'><strong>sic</strong></span> <span class='ocrx_word' id='word_1_54' title='bbox 952 808 1154 872; x_wconf 86' lang='lat' dir='ltr'><strong>secundario</strong></span> <span class='ocrx_word' id='word_1_55' title='bbox 1180 808 1285 873; x_wconf 83' lang='lat' dir='ltr'><strong>circe</strong></span> 
     </span>
     <span class='ocr_line' id='line_1_9' title="bbox 244 896 1285 980; baseline 0.002 -21"><span class='ocrx_word' id='word_1_56' title='bbox 244 897 542 977; x_wconf 88' lang='lat' dir='ltr'><strong>pulchritudinem,</strong></span> <span class='ocrx_word' id='word_1_57' title='bbox 571 902 605 962; x_wconf 91' lang='lat' dir='ltr'><strong>et</strong></span> <span class='ocrx_word' id='word_1_58' title='bbox 628 902 782 962; x_wconf 86' lang='lat' dir='ltr'><strong>ornatum</strong></span> <span class='ocrx_word' id='word_1_59' title='bbox 806 897 967 973; x_wconf 86' lang='lat' dir='ltr'><strong>lceminae,</strong></span> <span class='ocrx_word' id='word_1_60' title='bbox 1000 896 1086 961; x_wconf 88' lang='lat' dir='ltr'><strong>eirca</strong></span> <span class='ocrx_word' id='word_1_61' title='bbox 1108 915 1285 980; x_wconf 86' lang='lat' dir='ltr'><strong>saporem</strong></span> 
     </span>
     <span class='ocr_line' id='line_1_10' title="bbox 242 983 1288 1068; baseline 0.004 -21"><span class='ocrx_word' id='word_1_62' title='bbox 242 983 276 1047; x_wconf 96' lang='lat' dir='ltr'><strong>in</strong></span> <span class='ocrx_word' id='word_1_63' title='bbox 301 985 392 1064; x_wconf 90' lang='lat' dir='ltr'><strong>cibis,</strong></span> <span class='ocrx_word' id='word_1_64' title='bbox 416 987 562 1064; x_wconf 86' lang='lat' dir='ltr'><strong>odorem,</strong></span> <span class='ocrx_word' id='word_1_65' title='bbox 586 993 647 1052; x_wconf 89' lang='lat' dir='ltr'><strong>etc.</strong></span> <span class='ocrx_word' id='word_1_66' title='bbox 672 987 761 1067; x_wconf 91' lang='lat' dir='ltr'><strong>ltem,</strong></span> <span class='ocrx_word' id='word_1_67' title='bbox 786 987 906 1051; x_wconf 84' lang='lat' dir='ltr'><strong>delitiae</strong></span> <span class='ocrx_word' id='word_1_68' title='bbox 931 984 1165 1068; x_wconf 75' lang='lat' dir='ltr'><strong>principaliter</strong></span> <span class='ocrx_word' id='word_1_69' title='bbox 1191 1005 1288 1051; x_wconf 86' lang='lat' dir='ltr'><strong>con-</strong></span> 
     </span>
     <span class='ocr_line' id='line_1_11' title="bbox 241 1073 1285 1160; baseline 0.005 -24"><span class='ocrx_word' id='word_1_70' title='bbox 241 1073 362 1139; x_wconf 92' lang='lat' dir='ltr'><strong>sistunt</strong></span> <span class='ocrx_word' id='word_1_71' title='bbox 386 1076 420 1141; x_wconf 96' lang='lat' dir='ltr'><strong>in</strong></span> <span class='ocrx_word' id='word_1_72' title='bbox 444 1077 626 1142; x_wconf 87' lang='lat' dir='ltr'><strong>substantia</strong></span> <span class='ocrx_word' id='word_1_73' title='bbox 649 1077 809 1154; x_wconf 84' lang='lat' dir='ltr'><strong>alimenti,</strong></span> <span class='ocrx_word' id='word_1_74' title='bbox 832 1075 1027 1141; x_wconf 86' lang='lat' dir='ltr'><strong>secundario</strong></span> <span class='ocrx_word' id='word_1_75' title='bbox 1043 1075 1079 1139; x_wconf 96' lang='lat' dir='ltr'><strong>in</strong></span> <span class='ocrx_word' id='word_1_76' title='bbox 1096 1075 1285 1160; x_wconf 85' lang='lat' dir='ltr'><strong>exquisito</strong></span> 
     </span>
     <span class='ocr_line' id='line_1_12' title="bbox 242 1166 871 1248; baseline 0.002 -22"><span class='ocrx_word' id='word_1_77' title='bbox 242 1181 366 1244; x_wconf 86' lang='lat' dir='ltr'><strong>sapore,</strong></span> <span class='ocrx_word' id='word_1_78' title='bbox 392 1170 424 1230; x_wconf 91' lang='lat' dir='ltr'><strong>ct</strong></span> <span class='ocrx_word' id='word_1_79' title='bbox 448 1166 687 1248; x_wconf 87' lang='lat' dir='ltr'><strong>praeparatione</strong></span> <span class='ocrx_word' id='word_1_80' title='bbox 710 1167 871 1231; x_wconf 92' lang='lat' dir='ltr'><strong>ciborum.</strong></span> 
     </span>
    </p>

    <p class='ocr_par' dir='ltr' id='par_1_4' title="bbox 220 1249 1301 2139">
     <span class='ocr_line' id='line_1_13' title="bbox 220 1249 1283 1338; baseline 0.003 -21"><span class='ocrx_word' id='word_1_81' title='bbox 220 1249 286 1318; x_wconf 83' lang='lat' dir='ltr'><strong>Art.</strong></span> <span class='ocrx_word' id='word_1_82' title='bbox 311 1252 342 1318; x_wconf 90' lang='grc'><strong>6.</strong></span> <span class='ocrx_word' id='word_1_83' title='bbox 366 1251 415 1319; x_wconf 75' lang='lat' dir='ltr'><strong>ilo</strong></span> <span class='ocrx_word' id='word_1_84' title='bbox 438 1258 544 1338; x_wconf 75' lang='lat' dir='ltr'><strong>reputo</strong></span> <span class='ocrx_word' id='word_1_85' title='bbox 569 1259 773 1337; x_wconf 72' lang='lat' dir='ltr'><strong>temperantior</strong></span> <span class='ocrx_word' id='word_1_86' title='bbox 795 1257 839 1320; x_wconf 83' lang='lat' dir='ltr'><strong>sit</strong></span> <span class='ocrx_word' id='word_1_87' title='bbox 859 1253 1001 1320; x_wconf 84' lang='lat' dir='ltr'><strong>comendo</strong></span> <span class='ocrx_word' id='word_1_88' title='bbox 1027 1253 1196 1318; x_wconf 82' lang='lat' dir='ltr'><strong>secondum</strong></span> <span class='ocrx_word' id='word_1_89' title='bbox 1227 1275 1283 1320; x_wconf 84' lang='lat' dir='ltr'><strong>ne-</strong></span> 
     </span>
     <span class='ocr_line' id='line_1_14' title="bbox 243 1344 1282 1430; baseline 0.003 -25"><span class='ocrx_word' id='word_1_90' title='bbox 243 1345 408 1407; x_wconf 81' lang='lat' dir='ltr'><strong>cessitatem</strong></span> <span class='ocrx_word' id='word_1_91' title='bbox 429 1348 589 1426; x_wconf 84' lang='lat' dir='ltr'><strong>proesentis</strong></span> <span class='ocrx_word' id='word_1_92' title='bbox 612 1349 692 1412; x_wconf 79' lang='lat' dir='ltr'><strong>otte.</strong></span> <span class='ocrx_word' id='word_1_93' title='bbox 727 1347 761 1430; x_wconf 69' lang='lat' dir='ltr'><strong>ri.</strong></span> <span class='ocrx_word' id='word_1_94' title='bbox 788 1344 849 1424; x_wconf 91' lang='lat' dir='ltr'><strong>Sic,</strong></span> <span class='ocrx_word' id='word_1_95' title='bbox 874 1345 959 1409; x_wconf 91' lang='lat' dir='ltr'><strong>sicut</strong></span> <span class='ocrx_word' id='word_1_96' title='bbox 981 1346 1014 1407; x_wconf 90' lang='grc' dir='ltr'><strong>ει</strong></span> <span class='ocrx_word' id='word_1_97' title='bbox 1037 1344 1151 1426; x_wconf 80' lang='lat' dir='ltr'><strong>regula</strong></span> <span class='ocrx_word' id='word_1_98' title='bbox 1178 1345 1282 1409; x_wconf 87' lang='lat' dir='ltr'><strong>dele-</strong></span> 
     </span>
     <span class='ocr_line' id='line_1_15' title="bbox 243 1432 1282 1517; baseline 0.004 -23"><span class='ocrx_word' id='word_1_99' title='bbox 243 1432 430 1510; x_wconf 91' lang='lat' dir='ltr'><strong>ctabilium,</strong></span> <span class='ocrx_word' id='word_1_100' title='bbox 465 1433 498 1500; x_wconf 96' lang='lat' dir='ltr'><strong>id</strong></span> <span class='ocrx_word' id='word_1_101' title='bbox 533 1439 600 1514; x_wconf 88' lang='lat' dir='ltr'><strong>est,</strong></span> <span class='ocrx_word' id='word_1_102' title='bbox 629 1454 688 1517; x_wconf 90' lang='lat' dir='ltr'><strong>pro</strong></span> <span class='ocrx_word' id='word_1_103' title='bbox 717 1433 908 1499; x_wconf 89' lang='lat' dir='ltr'><strong>necessitate</strong></span> <span class='ocrx_word' id='word_1_104' title='bbox 931 1433 1023 1512; x_wconf 87' lang='lat' dir='ltr'><strong>vitae,</strong></span> <span class='ocrx_word' id='word_1_105' title='bbox 1049 1435 1087 1496; x_wconf 89' lang='lat' dir='ltr'><strong>ut</strong></span> <span class='ocrx_word' id='word_1_106' title='bbox 1109 1451 1175 1515; x_wconf 83' lang='lat' dir='ltr'><strong>pro</strong></span> <span class='ocrx_word' id='word_1_107' title='bbox 1203 1435 1282 1499; x_wconf 90' lang='lat' dir='ltr'><strong>line</strong></span> 
     </span>
     <span class='ocr_line' id='line_1_16' title="bbox 241 1522 769 1589; baseline 0.006 -6"><span class='ocrx_word' id='word_1_108' title='bbox 241 1522 426 1587; x_wconf 87' lang='lat' dir='ltr'><strong>secundum</strong></span> <span class='ocrx_word' id='word_1_109' title='bbox 449 1529 572 1588; x_wconf 89' lang='lat' dir='ltr'><strong>rectam</strong></span> <span class='ocrx_word' id='word_1_110' title='bbox 597 1524 769 1589; x_wconf 86' lang='lat' dir='ltr'><strong>rationem.</strong></span> 
     </span>
     <span class='ocr_line' id='line_1_17' title="bbox 242 1607 1281 1696; baseline 0.004 -22"><span class='ocrx_word' id='word_1_111' title='bbox 242 1607 254 1633; x_wconf 75' lang='lat'><strong>¹</strong></span> <span class='ocrx_word' id='word_1_112' title='bbox 278 1609 364 1675; x_wconf 81' lang='lat' dir='ltr'><strong>Alius</strong></span> <span class='ocrx_word' id='word_1_113' title='bbox 387 1616 436 1676; x_wconf 90' lang='lat' dir='ltr'><strong>est</strong></span> <span class='ocrx_word' id='word_1_114' title='bbox 459 1614 534 1678; x_wconf 87' lang='lat' dir='ltr'><strong>linis</strong></span> <span class='ocrx_word' id='word_1_115' title='bbox 557 1614 733 1695; x_wconf 87' lang='lat' dir='ltr'><strong>operantis,</strong></span> <span class='ocrx_word' id='word_1_116' title='bbox 757 1610 839 1677; x_wconf 92' lang='lat' dir='ltr'><strong>alius</strong></span> <span class='ocrx_word' id='word_1_117' title='bbox 862 1611 987 1696; x_wconf 90' lang='lat' dir='ltr'><strong>operis,</strong></span> <span class='ocrx_word' id='word_1_118' title='bbox 1014 1614 1052 1676; x_wconf 95' lang='lat' dir='ltr'><strong>ut</strong></span> <span class='ocrx_word' id='word_1_119' title='bbox 1079 1610 1157 1675; x_wconf 89' lang='lat' dir='ltr'><strong>linis</strong></span> <span class='ocrx_word' id='word_1_120' title='bbox 1183 1614 1281 1678; x_wconf 88' lang='lat' dir='ltr'><strong>tem·</strong></span> 
     </span>
     <span class='ocr_line' id='line_1_18' title="bbox 242 1699 1280 1787; baseline 0.002 -23"><span class='ocrx_word' id='word_1_121' title='bbox 242 1699 402 1783; x_wconf 86' lang='lat' dir='ltr'><strong>perantiae</strong></span> <span class='ocrx_word' id='word_1_122' title='bbox 425 1706 474 1767; x_wconf 91' lang='lat' dir='ltr'><strong>cst</strong></span> <span class='ocrx_word' id='word_1_123' title='bbox 498 1703 681 1780; x_wconf 89' lang='lat' dir='ltr'><strong>beatitudo,</strong></span> <span class='ocrx_word' id='word_1_124' title='bbox 710 1704 767 1767; x_wconf 89' lang='lat' dir='ltr'><strong>sed</strong></span> <span class='ocrx_word' id='word_1_125' title='bbox 790 1702 839 1766; x_wconf 88' lang='lat' dir='ltr'><strong>rei</strong></span> <span class='ocrx_word' id='word_1_126' title='bbox 862 1699 1055 1787; x_wconf 88' lang='lat' dir='ltr'><strong>quantitur</strong></span> <span class='ocrx_word' id='word_1_127' title='bbox 1079 1704 1126 1764; x_wconf 92' lang='lat' dir='ltr'><strong>est</strong></span> <span class='ocrx_word' id='word_1_128' title='bbox 1153 1721 1280 1767; x_wconf 88' lang='lat' dir='ltr'><strong>neces·</strong></span> 
     </span>
     <span class='ocr_line' id='line_1_19' title="bbox 242 1788 1277 1875; baseline 0.003 -22"><span class='ocrx_word' id='word_1_129' title='bbox 242 1788 319 1854; x_wconf 88' lang='lat' dir='ltr'><strong>sitas</strong></span> <span class='ocrx_word' id='word_1_130' title='bbox 343 1790 431 1856; x_wconf 86' lang='lat' dir='ltr'><strong>vitae.</strong></span> <span class='ocrx_word' id='word_1_131' title='bbox 456 1791 536 1858; x_wconf 89' lang='lat' dir='ltr'><strong>ltem</strong></span> <span class='ocrx_word' id='word_1_132' title='bbox 561 1793 779 1875; x_wconf 89' lang='lat' dir='ltr'><strong>temperantia</strong></span> <span class='ocrx_word' id='word_1_133' title='bbox 805 1791 905 1855; x_wconf 90' lang='lat' dir='ltr'><strong>etiam</strong></span> <span class='ocrx_word' id='word_1_134' title='bbox 932 1796 980 1855; x_wconf 92' lang='lat' dir='ltr'><strong>est</strong></span> <span class='ocrx_word' id='word_1_135' title='bbox 1007 1789 1092 1854; x_wconf 87' lang='lat' dir='ltr'><strong>circa</strong></span> <span class='ocrx_word' id='word_1_136' title='bbox 1117 1809 1172 1853; x_wconf 85' lang='lat' dir='ltr'><strong>res</strong></span> <span class='ocrx_word' id='word_1_137' title='bbox 1197 1812 1277 1856; x_wconf 94' lang='lat' dir='ltr'><strong>non</strong></span> 
     </span>
     <span class='ocr_line' id='line_1_20' title="bbox 242 1878 1278 1962; baseline 0.003 -20"><span class='ocrx_word' id='word_1_138' title='bbox 242 1879 349 1943; x_wconf 89' lang='lat' dir='ltr'><strong>solum</strong></span> <span class='ocrx_word' id='word_1_139' title='bbox 372 1883 582 1961; x_wconf 89' lang='lat' dir='ltr'><strong>necessarias,</strong></span> <span class='ocrx_word' id='word_1_140' title='bbox 606 1884 663 1946; x_wconf 94' lang='lat' dir='ltr'><strong>sed</strong></span> <span class='ocrx_word' id='word_1_141' title='bbox 687 1883 784 1945; x_wconf 86' lang='lat' dir='ltr'><strong>etiam</strong></span> <span class='ocrx_word' id='word_1_142' title='bbox 809 1881 914 1956; x_wconf 74' lang='lat' dir='ltr'><strong>utileS,</strong></span> <span class='ocrx_word' id='word_1_143' title='bbox 943 1884 975 1944; x_wconf 89' lang='lat' dir='ltr'><strong>et</strong></span> <span class='ocrx_word' id='word_1_144' title='bbox 999 1880 1048 1943; x_wconf 91' lang='lat' dir='ltr'><strong>his</strong></span> <span class='ocrx_word' id='word_1_145' title='bbox 1072 1878 1181 1943; x_wconf 86' lang='lat' dir='ltr'><strong>ulitur</strong></span> <span class='ocrx_word' id='word_1_146' title='bbox 1209 1901 1278 1962; x_wconf 91' lang='lat' dir='ltr'><strong>pro</strong></span> 
     </span>
     <span class='ocr_line' id='line_1_21' title="bbox 242 1968 1276 2054; baseline 0.003 -23"><span class='ocrx_word' id='word_1_147' title='bbox 242 1969 323 2045; x_wconf 88' lang='lat' dir='ltr'><strong>loeo,</strong></span> <span class='ocrx_word' id='word_1_148' title='bbox 348 1975 380 2032; x_wconf 89' lang='lat' dir='ltr'><strong>et</strong></span> <span class='ocrx_word' id='word_1_149' title='bbox 403 1976 552 2054; x_wconf 92' lang='lat' dir='ltr'><strong>tempore</strong></span> <span class='ocrx_word' id='word_1_150' title='bbox 576 1973 754 2036; x_wconf 85' lang='lat' dir='ltr'><strong>moderate.</strong></span> <span class='ocrx_word' id='word_1_151' title='bbox 780 1971 869 2044; x_wconf 83' lang='lat' dir='ltr'><strong>ltem,</strong></span> <span class='ocrx_word' id='word_1_152' title='bbox 895 1971 981 2034; x_wconf 90' lang='lat' dir='ltr'><strong>circa</strong></span> <span class='ocrx_word' id='word_1_153' title='bbox 999 1989 1049 2032; x_wconf 86' lang='lat' dir='ltr'><strong>res</strong></span> <span class='ocrx_word' id='word_1_154' title='bbox 1069 1968 1276 2048; x_wconf 84' lang='lat' dir='ltr'><strong>exteriores,</strong></span> 
     </span>
     <span class='ocr_line' id='line_1_22' title="bbox 243 2056 911 2139; baseline 0.007 -19"><span class='ocrx_word' id='word_1_155' title='bbox 243 2062 280 2121; x_wconf 92' lang='lat' dir='ltr'><strong>ut</strong></span> <span class='ocrx_word' id='word_1_156' title='bbox 304 2056 445 2136; x_wconf 82' lang='lat' dir='ltr'><strong>divitiae,</strong></span> <span class='ocrx_word' id='word_1_157' title='bbox 469 2062 584 2139; x_wconf 87' lang='lat' dir='ltr'><strong>ollicia,</strong></span> <span class='ocrx_word' id='word_1_158' title='bbox 609 2064 826 2136; x_wconf 82' lang='lat' dir='ltr'><strong>honestatem,</strong></span> <span class='ocrx_word' id='word_1_159' title='bbox 850 2065 911 2125; x_wconf 88' lang='lat' dir='ltr'><strong>ele.</strong></span> 
     </span>
    </p>

    <p class='ocr_par' dir='ltr' id='par_1_5' title="bbox 220 2143 1300 2323">
     <span class='ocr_line' id='line_1_23' title="bbox 220 2143 1275 2234; baseline 0.003 -24"><span class='ocrx_word' id='word_1_160' title='bbox 220 2143 288 2212; x_wconf 81' lang='lat' dir='ltr'><strong>Art.</strong></span> <span class='ocrx_word' id='word_1_161' title='bbox 312 2146 344 2212; x_wconf 86' lang='lat'><strong>7.</strong></span> <span class='ocrx_word' id='word_1_162' title='bbox 366 2147 416 2216; x_wconf 84' lang='lat' dir='ltr'><strong>Ac</strong></span> <span class='ocrx_word' id='word_1_163' title='bbox 442 2153 640 2234; x_wconf 77' lang='lat' dir='ltr'><strong>temperentia</strong></span> <span class='ocrx_word' id='word_1_164' title='bbox 662 2153 706 2214; x_wconf 86' lang='lat' dir='ltr'><strong>sit</strong></span> <span class='ocrx_word' id='word_1_165' title='bbox 724 2153 824 2216; x_wconf 84' lang='lat' dir='ltr'><strong>virtus</strong></span> <span class='ocrx_word' id='word_1_166' title='bbox 849 2149 1049 2231; x_wconf 82' lang='lat' dir='ltr'><strong>principalis,</strong></span> <span class='ocrx_word' id='word_1_167' title='bbox 1082 2165 1134 2211; x_wconf 81' lang='lat' dir='ltr'><strong>sco</strong></span> <span class='ocrx_word' id='word_1_168' title='bbox 1165 2149 1275 2214; x_wconf 84' lang='lat' dir='ltr'><strong>cordi·</strong></span> 
     </span>
     <span class='ocr_line' id='line_1_24' title="bbox 243 2233 1300 2323; baseline 0.002 -23"><span class='ocrx_word' id='word_1_169' title='bbox 243 2238 333 2301; x_wconf 81' lang='lat' dir='ltr'><strong>cotis.</strong></span> <span class='ocrx_word' id='word_1_170' title='bbox 360 2238 394 2321; x_wconf 70' lang='lat' dir='ltr'><strong>ri.</strong></span> <span class='ocrx_word' id='word_1_171' title='bbox 418 2238 485 2320; x_wconf 91' lang='lat' dir='ltr'><strong>Sic,</strong></span> <span class='ocrx_word' id='word_1_172' title='bbox 510 2240 586 2323; x_wconf 90' lang='lat' dir='ltr'><strong>qnia</strong></span> <span class='ocrx_word' id='word_1_173' title='bbox 611 2241 791 2304; x_wconf 87' lang='lat' dir='ltr'><strong>moderatio</strong></span> <span class='ocrx_word' id='word_1_174' title='bbox 821 2239 986 2321; x_wconf 89' lang='lat' dir='ltr'><strong>praecipue</strong></span> <span class='ocrx_word' id='word_1_175' title='bbox 1016 2241 1064 2300; x_wconf 92' lang='lat' dir='ltr'><strong>est</strong></span> <span class='ocrx_word' id='word_1_176' title='bbox 1087 2237 1274 2303; x_wconf 86' lang='lat' dir='ltr'><strong>laudabilis</strong></span> <span class='ocrx_word' id='word_1_177' title='bbox 1299 2233 1300 2260; x_wconf 69' lang='lat'>³</span> 
     </span>
    </p>

    <p class='ocr_par' dir='ltr' id='par_1_6' title="bbox 199 2307 1300 3312">
     <span class='ocr_line' id='line_1_25' title="bbox 199 2307 1300 2412; baseline 0.004 -24"><span class='ocrx_word' id='word_1_178' title='bbox 199 2333 202 2338; x_wconf 87' lang='lat'>&#39;</span> <span class='ocrx_word' id='word_1_179' title='bbox 244 2325 278 2390; x_wconf 93' lang='lat' dir='ltr'><strong>iu</strong></span> <span class='ocrx_word' id='word_1_180' title='bbox 302 2325 574 2394; x_wconf 80' lang='lat' dir='ltr'><strong>delectationibus</strong></span> <span class='ocrx_word' id='word_1_181' title='bbox 597 2335 719 2406; x_wconf 89' lang='lat' dir='ltr'><strong>tactus,</strong></span> <span class='ocrx_word' id='word_1_182' title='bbox 749 2349 823 2412; x_wconf 85' lang='lat' dir='ltr'><strong>quae</strong></span> <span class='ocrx_word' id='word_1_183' title='bbox 852 2332 930 2392; x_wconf 92' lang='lat' dir='ltr'><strong>sunt</strong></span> <span class='ocrx_word' id='word_1_184' title='bbox 958 2327 1051 2390; x_wconf 87' lang='lat' dir='ltr'><strong>nobis</strong></span> <span class='ocrx_word' id='word_1_185' title='bbox 1076 2323 1180 2408; x_wconf 82' lang='lat' dir='ltr'><strong>magis</strong></span> <span class='ocrx_word' id='word_1_186' title='bbox 1206 2347 1273 2392; x_wconf 89' lang='lat' dir='ltr'><strong>na·</strong></span> <span class='ocrx_word' id='word_1_187' title='bbox 1299 2307 1300 2371; x_wconf 60' lang='lat' dir='ltr'><strong>l</strong></span> 
     </span>
     <span class='ocr_line' id='line_1_26' title="bbox 243 2414 1272 2502; baseline 0.002 -24"><span class='ocrx_word' id='word_1_188' title='bbox 243 2414 380 2493; x_wconf 89' lang='lat' dir='ltr'><strong>turales,</strong></span> <span class='ocrx_word' id='word_1_189' title='bbox 412 2421 445 2481; x_wconf 91' lang='lat' dir='ltr'><strong>et</strong></span> <span class='ocrx_word' id='word_1_190' title='bbox 475 2438 590 2484; x_wconf 90' lang='lat' dir='ltr'><strong>eorum</strong></span> <span class='ocrx_word' id='word_1_191' title='bbox 622 2421 748 2502; x_wconf 85' lang='lat' dir='ltr'><strong>objecta</strong></span> <span class='ocrx_word' id='word_1_192' title='bbox 771 2420 850 2482; x_wconf 89' lang='lat' dir='ltr'><strong>sunt</strong></span> <span class='ocrx_word' id='word_1_193' title='bbox 874 2415 1053 2481; x_wconf 88' lang='lat' dir='ltr'><strong>necessaria</strong></span> <span class='ocrx_word' id='word_1_194' title='bbox 1079 2415 1155 2478; x_wconf 88' lang='lat' dir='ltr'><strong>vitae</strong></span> <span class='ocrx_word' id='word_1_195' title='bbox 1181 2435 1272 2497; x_wconf 86' lang='lat' dir='ltr'><strong>prae·</strong></span> 
     </span>
     <span class='ocr_line' id='line_1_27' title="bbox 242 2503 1299 2589; baseline 0.004 -21"><span class='ocrx_word' id='word_1_196' title='bbox 242 2503 338 2582; x_wconf 88' lang='lat' dir='ltr'><strong>senti,</strong></span> <span class='ocrx_word' id='word_1_197' title='bbox 363 2511 398 2572; x_wconf 88' lang='lat' dir='ltr'><strong>et</strong></span> <span class='ocrx_word' id='word_1_198' title='bbox 420 2509 507 2573; x_wconf 87' lang='lat' dir='ltr'><strong>eirca</strong></span> <span class='ocrx_word' id='word_1_199' title='bbox 530 2511 587 2573; x_wconf 90' lang='lat' dir='ltr'><strong>has</strong></span> <span class='ocrx_word' id='word_1_200' title='bbox 610 2514 659 2572; x_wconf 89' lang='lat' dir='ltr'><strong>est</strong></span> <span class='ocrx_word' id='word_1_201' title='bbox 683 2505 912 2589; x_wconf 83' lang='lat' dir='ltr'><strong>temperantia.</strong></span> <span class='ocrx_word' id='word_1_202' title='bbox 1298 2507 1299 2532; x_wconf 67' lang='lat'>¹</span> 
     </span>
     <span class='ocr_line' id='line_1_28' title="bbox 221 2581 1299 2679; baseline 0.002 -22"><span class='ocrx_word' id='word_1_203' title='bbox 221 2590 288 2659; x_wconf 81' lang='lat' dir='ltr'><strong>Art.</strong></span> <span class='ocrx_word' id='word_1_204' title='bbox 312 2593 344 2659; x_wconf 87' lang='lat'><strong>8.</strong></span> <span class='ocrx_word' id='word_1_205' title='bbox 367 2592 417 2661; x_wconf 83' lang='lat' dir='ltr'><strong>Ac</strong></span> <span class='ocrx_word' id='word_1_206' title='bbox 443 2601 641 2679; x_wconf 79' lang='lat' dir='ltr'><strong>temperentia</strong></span> <span class='ocrx_word' id='word_1_207' title='bbox 669 2601 712 2662; x_wconf 84' lang='lat' dir='ltr'><strong>stt</strong></span> <span class='ocrx_word' id='word_1_208' title='bbox 743 2599 878 2661; x_wconf 85' lang='lat' dir='ltr'><strong>mocimc</strong></span> <span class='ocrx_word' id='word_1_209' title='bbox 907 2597 1067 2661; x_wconf 84' lang='lat' dir='ltr'><strong>virtutem.</strong></span> <span class='ocrx_word' id='word_1_210' title='bbox 1104 2597 1139 2679; x_wconf 67' lang='lat' dir='ltr'><strong>ri.</strong></span> <span class='ocrx_word' id='word_1_211' title='bbox 1174 2593 1269 2672; x_wconf 87' lang='lat' dir='ltr'><strong>Non,</strong></span> <span class='ocrx_word' id='word_1_212' title='bbox 1298 2581 1299 2644; x_wconf 74' lang='lat' dir='ltr'><strong>l</strong></span> 
     </span>
     <span class='ocr_line' id='line_1_29' title="bbox 243 2683 1269 2770; baseline 0.001 -23"><span class='ocrx_word' id='word_1_213' title='bbox 243 2683 320 2767; x_wconf 84' lang='lat' dir='ltr'><strong>quia</strong></span> <span class='ocrx_word' id='word_1_214' title='bbox 343 2687 554 2752; x_wconf 82' lang='lat' dir='ltr'><strong>excellentior</strong></span> <span class='ocrx_word' id='word_1_215' title='bbox 578 2694 625 2752; x_wconf 91' lang='lat' dir='ltr'><strong>est</strong></span> <span class='ocrx_word' id='word_1_216' title='bbox 645 2687 788 2770; x_wconf 91' lang='lat' dir='ltr'><strong>justitia,</strong></span> <span class='ocrx_word' id='word_1_217' title='bbox 819 2693 852 2750; x_wconf 91' lang='lat' dir='ltr'><strong>et</strong></span> <span class='ocrx_word' id='word_1_218' title='bbox 879 2685 1054 2763; x_wconf 84' lang='lat' dir='ltr'><strong>tortitudo,</strong></span> <span class='ocrx_word' id='word_1_219' title='bbox 1086 2703 1161 2768; x_wconf 80' lang='lat' dir='ltr'><strong>quoe</strong></span> <span class='ocrx_word' id='word_1_220' title='bbox 1193 2684 1269 2748; x_wconf 84' lang='lat' dir='ltr'><strong>aliis</strong></span> 
     </span>
     <span class='ocr_line' id='line_1_30' title="bbox 242 2771 1271 2858; baseline -0.001 -22"><span class='ocrx_word' id='word_1_221' title='bbox 242 2775 323 2837; x_wconf 92' lang='lat' dir='ltr'><strong>sunt</strong></span> <span class='ocrx_word' id='word_1_222' title='bbox 346 2776 446 2858; x_wconf 78' lang='lat' dir='ltr'><strong>magis</strong></span> <span class='ocrx_word' id='word_1_223' title='bbox 470 2777 580 2852; x_wconf 89' lang='lat' dir='ltr'><strong>utiles,</strong></span> <span class='ocrx_word' id='word_1_224' title='bbox 604 2782 637 2840; x_wconf 93' lang='grc' dir='ltr'><strong>ει</strong></span> <span class='ocrx_word' id='word_1_225' title='bbox 661 2777 830 2858; x_wconf 88' lang='lat' dir='ltr'><strong>pertinent</strong></span> <span class='ocrx_word' id='word_1_226' title='bbox 856 2776 895 2840; x_wconf 91' lang='lat' dir='ltr'><strong>ad</strong></span> <span class='ocrx_word' id='word_1_227' title='bbox 921 2777 1046 2840; x_wconf 91' lang='lat' dir='ltr'><strong>bonum</strong></span> <span class='ocrx_word' id='word_1_228' title='bbox 1076 2771 1271 2839; x_wconf 88' lang='lat' dir='ltr'><strong>multitudi-</strong></span> 
     </span>
     <span class='ocr_line' id='line_1_31' title="bbox 244 2861 1268 2948; baseline -0.001 -21"><span class='ocrx_word' id='word_1_229' title='bbox 244 2861 306 2927; x_wconf 90' lang='lat' dir='ltr'><strong>nis.</strong></span> <span class='ocrx_word' id='word_1_230' title='bbox 330 2861 420 2942; x_wconf 90' lang='lat' dir='ltr'><strong>ltem,</strong></span> <span class='ocrx_word' id='word_1_231' title='bbox 445 2866 638 2948; x_wconf 87' lang='lat' dir='ltr'><strong>prudentia,</strong></span> <span class='ocrx_word' id='word_1_232' title='bbox 663 2873 696 2932; x_wconf 89' lang='lat' dir='ltr'><strong>et</strong></span> <span class='ocrx_word' id='word_1_233' title='bbox 719 2866 858 2931; x_wconf 90' lang='lat' dir='ltr'><strong>virtutes</strong></span> <span class='ocrx_word' id='word_1_234' title='bbox 882 2864 1072 2948; x_wconf 82' lang='lat' dir='ltr'><strong>theologicae</strong></span> <span class='ocrx_word' id='word_1_235' title='bbox 1098 2866 1179 2927; x_wconf 91' lang='lat' dir='ltr'><strong>sunt</strong></span> <span class='ocrx_word' id='word_1_236' title='bbox 1208 2882 1268 2945; x_wconf 93' lang='lat' dir='ltr'><strong>po-</strong></span> 
     </span>
     <span class='ocr_line' id='line_1_32' title="bbox 243 2950 1298 3036; baseline 0.002 -22"><span class='ocrx_word' id='word_1_237' title='bbox 243 2950 342 3016; x_wconf 92' lang='lat' dir='ltr'><strong>tiores</strong></span> <span class='ocrx_word' id='word_1_238' title='bbox 361 2953 498 3036; x_wconf 80' lang='lat' dir='ltr'><strong>Justitia,</strong></span> <span class='ocrx_word' id='word_1_239' title='bbox 523 2961 555 3022; x_wconf 89' lang='lat' dir='ltr'><strong>et</strong></span> <span class='ocrx_word' id='word_1_240' title='bbox 578 2954 782 3022; x_wconf 84' lang='lat' dir='ltr'><strong>fortitudine.</strong></span> <span class='ocrx_word' id='word_1_241' title='bbox 807 2955 886 3020; x_wconf 91' lang='lat' dir='ltr'><strong>ltem</strong></span> <span class='ocrx_word' id='word_1_242' title='bbox 911 2954 1017 3019; x_wconf 84' lang='lat' dir='ltr'><strong>virtus</strong></span> <span class='ocrx_word' id='word_1_243' title='bbox 1036 2953 1138 3036; x_wconf 79' lang='lat' dir='ltr'><strong>magis</strong></span> <span class='ocrx_word' id='word_1_244' title='bbox 1154 2955 1268 3016; x_wconf 87' lang='lat' dir='ltr'><strong>atten-</strong></span> <span class='ocrx_word' id='word_1_245' title='bbox 1297 2967 1298 2981; x_wconf 63' lang='lat'>¹</span> 
     </span>
     <span class='ocr_line' id='line_1_33' title="bbox 243 3041 1264 3126; baseline 0.001 -23"><span class='ocrx_word' id='word_1_246' title='bbox 243 3041 335 3104; x_wconf 92' lang='lat' dir='ltr'><strong>ditur</strong></span> <span class='ocrx_word' id='word_1_247' title='bbox 357 3047 540 3110; x_wconf 87' lang='lat' dir='ltr'><strong>seeundum</strong></span> <span class='ocrx_word' id='word_1_248' title='bbox 565 3046 726 3111; x_wconf 84' lang='lat' dir='ltr'><strong>rationem</strong></span> <span class='ocrx_word' id='word_1_249' title='bbox 750 3045 829 3112; x_wconf 92' lang='lat' dir='ltr'><strong>boni</strong></span> <span class='ocrx_word' id='word_1_250' title='bbox 846 3044 880 3108; x_wconf 93' lang='lat' dir='ltr'><strong>in</strong></span> <span class='ocrx_word' id='word_1_251' title='bbox 898 3063 964 3126; x_wconf 90' lang='lat' dir='ltr'><strong>quo</strong></span> <span class='ocrx_word' id='word_1_252' title='bbox 981 3043 1112 3107; x_wconf 86' lang='lat' dir='ltr'><strong>excedit</strong></span> <span class='ocrx_word' id='word_1_253' title='bbox 1123 3041 1264 3125; x_wconf 87' lang='lat' dir='ltr'><strong>justitia,</strong></span> 
     </span>
     <span class='ocr_line' id='line_1_34' title="bbox 243 3131 1297 3216; baseline -0.002 -22"><span class='ocrx_word' id='word_1_254' title='bbox 243 3148 343 3213; x_wconf 88' lang='lat' dir='ltr'><strong>quam</strong></span> <span class='ocrx_word' id='word_1_255' title='bbox 376 3137 560 3200; x_wconf 87' lang='lat' dir='ltr'><strong>seeundum</strong></span> <span class='ocrx_word' id='word_1_256' title='bbox 596 3135 756 3202; x_wconf 87' lang='lat' dir='ltr'><strong>rationem</strong></span> <span class='ocrx_word' id='word_1_257' title='bbox 788 3131 947 3213; x_wconf 92' lang='lat' dir='ltr'><strong>dilticilis,</strong></span> <span class='ocrx_word' id='word_1_258' title='bbox 978 3133 1013 3198; x_wconf 92' lang='lat' dir='ltr'><strong>in</strong></span> <span class='ocrx_word' id='word_1_259' title='bbox 1045 3151 1110 3216; x_wconf 90' lang='lat' dir='ltr'><strong>quo</strong></span> <span class='ocrx_word' id='word_1_260' title='bbox 1134 3131 1267 3196; x_wconf 85' lang='lat' dir='ltr'><strong>excedit</strong></span> <span class='ocrx_word' id='word_1_261' title='bbox 1296 3187 1297 3210; x_wconf 66' lang='lat'><strong>,</strong></span> 
     </span>
     <span class='ocr_line' id='line_1_35' title="bbox 244 3221 1297 3312; baseline 0.004 -28"><span class='ocrx_word' id='word_1_262' title='bbox 244 3222 475 3304; x_wconf 82' lang='lat' dir='ltr'><strong>temperantia.</strong></span> <span class='ocrx_word' id='word_1_263' title='bbox 1294 3221 1297 3312; x_wconf 78' lang='lat' dir='ltr'><strong>l</strong></span> 
     </span>
    </p>
   </div>
   <div class='ocr_carea' id='block_1_3' title="bbox 1280 3925 1294 4142">
    <p class='ocr_par' dir='ltr' id='par_1_7' title="bbox 1280 3925 1294 4142">
     <span class='ocr_line' id='line_1_36' title="bbox 1280 3925 1294 4142; baseline 0.071 -1"><span class='ocrx_word' id='word_1_264' title='bbox 1280 3925 1294 4142; x_wconf 89' lang='lat' dir='ltr'><strong>l</strong></span> 
     </span>
    </p>
   </div>
   <div class='ocr_carea' id='block_1_4' title="bbox 0 0 1306 4210">
    <p class='ocr_par' dir='ltr' id='par_1_8' title="bbox 0 0 1306 4210">
     <span class='ocr_line' id='line_1_37' title="bbox 0 0 1306 4210; baseline 0 1"><span class='ocrx_word' id='word_1_265' title='bbox 0 0 1306 4210; x_wconf 95' lang='lat' dir='ltr'><strong> </strong></span> 
     </span>
    </p>
   </div>
  </div>
 </body>
</html>
