2622 4210
291 135 356 205 308
549 150 595 205 ax
619 146 786 208 saeuum
810 145 986 208 securum
1302 115 1303 150 ³

269 288 283 316 '²
306 289 403 373 Magis
433 290 613 372 opponitur
643 291 775 356 veritati
809 291 922 357 dicens
956 308 1075 354 verum
1110 185 1303 368 intendem]

269 380 378 444 dicere
402 379 535 456 falsum,
566 400 665 462 quam
697 382 810 447 dicens
834 381 951 445 lalsum
976 378 1157 444 intendens
1180 377 1303 446 dicere

269 488 401 548 verum;
427 489 494 532 non
519 472 649 534 tantum
673 489 770 549 voce,
794 472 852 534 scd
874 470 991 554 signis,
1017 470 1119 546 nutu,
1145 467 1229 532 iacto
1261 453 1303 548 nl

270 559 490 622 mendacium.
1302 577 1303 586 ’

247 647 314 714 dri.
338 647 369 713 ἓ.
393 645 442 712 Ao
469 647 655 712 mendacium
686 651 873 732 soosfioiootor
902 647 1057 714 dividatur
1084 667 1140 731 por
1168 646 1303 728 mendac,

270 741 349 802 oo'oooo
373 740 549 820 officioram,
569 740 703 819 jocosum
727 747 757 803 ot
778 742 991 821 perniciosum.
1017 740 1051 821 il.
1075 737 1137 815 Sic,
1161 737 1241 820 quia
1274 733 1303 802 si

270 831 327 891 liat
351 833 486 910 propter
515 830 637 892 bonum
666 829 857 894 delectabile
888 834 935 892 est
958 831 1124 910 J'oeosum:
1156 826 1185 890 si
1220 843 1303 908 prm

270 920 344 998 pter
367 919 492 982 bonum
517 916 597 980 utile
620 920 668 982 est
691 916 887 983 olliciosnm:
917 917 943 981 si
970 937 1066 982 causa
1097 911 1303 984 nocumenti

270 1009 318 1069 est
342 1005 574 1084 perniciosum.

245 1091 312 1160 Art.
337 1095 368 1160 3.
391 1093 440 1160 Aa
463 1095 650 1162 mendacium
673 1097 715 1160 sit
738 1104 899 1178 pooootom.
926 1099 961 1180 ri.
984 1094 1051 1174 Sic,
1081 1099 1114 1160 et
1143 1098 1194 1159 est
1227 1113 1303 1159 ma*

269 1185 336 1248 lum
362 1204 402 1248 ex
426 1204 547 1267 genere
568 1205 637 1264 sno,
663 1191 695 1250 et
720 1187 811 1252 nullo
830 1188 928 1250 modo
945 1188 1134 1268 potestesse
1151 1182 1303 1254 licitum.

268 1273 340 1338 *ln
366 1273 535 1355 Scriptura
557 1295 648 1340 sacra
673 1274 754 1339 nihil
779 1279 828 1339 est
850 1276 984 1353 falsum,
1008 1275 1083 1338 licet
1113 1273 1206 1339 idem
1238 1293 1303 1338 va«

269 1363 325 1426 riis
349 1363 454 1428 modis
477 1365 649 1440 referatur,
674 1368 707 1429 et
729 1365 881 1448 quaedam
905 1364 1140 1446 intelliguntur
1168 1365 1303 1447 ligura*

271 1452 346 1516 liter
369 1457 401 1517 et
425 1453 570 1535 mystice.
602 1453 681 1518 ltem
706 1473 767 1534 pro
790 1473 988 1538 quocunque
1011 1456 1098 1518 bono
1122 1471 1190 1516 non
1219 1452 1303 1520 lieet

271 1541 421 1618 mentiri,
449 1545 506 1607 sed
530 1543 605 1608 licet
628 1544 792 1608 occultare
821 1545 995 1608 veritatem
1020 1542 1209 1623 prudenter
1234 1545 1303 1610 suti

269 1632 377 1714 aliqua
401 1631 676 1697 dissimilitudine.
702 1631 781 1696 item
813 1633 869 1716 qui
901 1631 1064 1714 promittit
1093 1630 1225 1714 aliquid
1252 1633 1303 1695 fa*

270 1739 353 1799 cere,
378 1720 404 1785 si
430 1741 496 1786 non
521 1722 609 1802 lacit,
634 1741 700 1787 non
726 1722 813 1786 dicet
837 1721 1059 1800 mendacium,
1086 1720 1114 1784 si
1138 1721 1303 1788 animum

253 1815 385 1888 mutat,
408 1811 466 1875 sed
490 1811 671 1875 infideliter
695 1811 771 1894 agit,
796 1811 853 1875 sed
870 1817 1055 1890 excusatur,
1072 1810 1098 1875 si
1116 1813 1303 1875 mutantur

271 1900 475 1966 conditiones
499 1919 715 1982 personarum
740 1905 772 1966 et
796 1901 928 1984 negotii.
953 1900 1051 1976 Item,
1074 1900 1101 1964 si
1125 1900 1303 1981 promittit

270 1991 441 2056 manifeste
466 1989 626 2068 illicitum,
652 1991 736 2054 male
759 1989 846 2068 lacit,
859 1995 892 2055 et
907 1991 1068 2055 mutando
1083 1989 1303 2072 propositum

272 2082 357 2144 bene
380 2078 474 2157 lacit;
498 2080 587 2162 quod
618 2080 829 2164 hyperbolice
860 2080 1035 2164 figurative
1064 2079 1206 2158 dicitur,
1244 2080 1303 2144 vel

272 2170 319 2246 fit,
344 2188 412 2232 non
437 2171 485 2231 est
508 2170 729 2234 mendacium.

248 2253 316 2323 Art.
339 2256 370 2322 l.
393 2255 443 2322 olo
466 2275 551 2322 omoo
573 2259 760 2324 mooodooo'om
774 2261 819 2325 sit
829 2267 982 2342 pooootom
998 2259 1135 2325 mortale.
1153 2260 1189 2343 ri.
1208 2259 1303 2336 Non,

271 2349 308 2410 ut
328 2349 487 2430 jocosum,
511 2348 707 2427 officiosum,
732 2349 821 2432 quod
846 2369 913 2414 non
938 2352 1101 2434 repugnat
1124 2349 1303 2414 charitati,

271 2435 367 2516 item,
396 2437 485 2520 quod
515 2440 563 2501 est
586 2442 702 2502 contra
726 2457 778 2504 res
801 2437 932 2503 divinas
962 2443 1010 2504 est
1033 2437 1188 2516 mortale,
1216 2439 1303 2524 quia

272 2531 434 2611 repugnat
457 2527 607 2592 charitati
631 2528 688 2592 Dei
714 2531 747 2593 et
770 2528 856 2606 lidei,
882 2529 934 2591 vel
958 2527 1120 2612 religioni.
1144 2527 1245 2608 item,
1272 2527 1301 2592 si

271 2615 312 2679 sit
336 2620 452 2681 contra
474 2619 599 2682 honum
628 2617 784 2696 hominia,
813 2638 854 2682 ex
883 2637 918 2682 se
948 2623 996 2683 est
1027 2617 1176 2683 mortale.
1210 2619 1300 2683 ltem

272 2708 315 2771 ob
339 2707 439 2770 linem
463 2705 639 2785 intentum,
665 2711 703 2771 ut
726 2708 766 2771 ad
787 2707 942 2789 injuriam
960 2707 1028 2785 Dei,
1045 2707 1098 2772 vel
1116 2708 1301 2786 damnum,

272 2795 325 2858 vel
359 2794 528 2860 infamiam
563 2797 724 2879 proximi,
754 2801 802 2861 est
828 2799 981 2877 mortalc;
1009 2798 1066 2862 sed
1089 2797 1115 2860 si
1139 2797 1219 2861 linis
1247 2799 1301 2862 in·

272 2887 384 2949 tentus
415 2904 481 2950 non
513 2891 561 2950 est
590 2891 706 2953 contra
738 2885 946 2964 charitatem,
979 2904 1045 2952 non
1069 2891 1117 2951 est
1141 2889 1300 2952 mortale.

273 2973 353 3037 ltem
378 2978 482 3055 potest
505 2994 572 3042 esse
595 2977 734 3042 mortale
760 2994 819 3057 per
849 2977 1000 3042 accidens
1035 2977 1163 3042 ratione
1200 2997 1300 3043 scan-

273 3062 351 3137 dali,
377 3063 429 3126 vel
453 3064 576 3133 damni.

631 3241 809 3326 Qunsno
836 3243 910 3310 on.

293 3425 383 3490 De
408 3425 797 3491 simulatione
826 3432 889 3490 et
912 3425 1255 3509 hypocrisi.

252 3599 321 3668 oro.
347 3603 377 3670 l.
400 3602 450 3670 Aa
472 3604 570 3669 omnis
592 3604 746 3669 simulatio
769 3607 813 3670 sit
830 3612 995 3688 pooootom.
1020 3606 1055 3690 ri.
1071 3603 1131 3682 Sic,
1150 3605 1228 3688 quia
1249 3609 1297 3671 est

274 3694 484 3759 mendacium
519 3693 553 3758 iu
589 3694 673 3759 lacto
703 3697 736 3759 et
766 3713 816 3774 re,
844 3693 920 3761 licet
947 3715 1015 3763 non
1040 3697 1075 3762 in
1099 3696 1230 3774 verbis,
1261 3699 1297 3763 ul

273 3782 478 3852 sanctitatem
500 3781 665 3850 simulare.
