2622 4210
248 109 314 190 288
505 138 550 190 ux
576 136 744 190 secuunc
769 135 945 190 sueonos

227 278 308 344 sunt
330 273 468 355 occulta,
491 275 525 340 et
542 271 702 340 'imminet
726 265 900 339 necessitas
912 259 1097 357 indicendi,
1114 275 1259 357 possunt

227 387 271 434 ex
292 365 411 446 officio,
434 366 492 431 sed
515 383 593 430 cum
615 362 812 443 bumilitate,
836 365 870 428 et
892 363 1021 430 timore.

205 455 274 526 Art.
299 455 331 524 3.
353 454 403 523 Ao
421 455 573 538 iodicium
593 453 755 538 procedens
786 471 823 520 cc
853 455 1023 537 suspicione
1050 456 1096 521 cit
1123 455 1259 523 licitum.

229 549 266 632 rt.
289 547 372 622 Non,
395 546 473 632 quia
495 549 544 611 est
565 564 607 610 ex
630 543 758 609 levibus
775 542 930 639 ‚indiciis
947 544 1122 632 ctoritur,
1142 547 1198 612 vel
1215 566 1260 612 ex

228 635 355 704 ma'litic
377 635 584 720 suspicantis,
607 628 727 698 veluti
749 628 835 699 mala
858 624 1260 716 effectidnein‘alterum

225 729 281 794 vel
306 746 346 792 ex
370 726 462 808 odio;
485 726 543 791 scd
565 724 592 789 si
616 743 656 790 ex
680 724 778 808 longa
800 723 1005 807 experientia
1024 743 1093 792 non
1109 729 1162 790 est
1175 745 1261 815 pro-

227 817 301 904 pric
330 815 471 900 suspicio
499 818 636 899 propter
665 813 918 891 certitudinem,
950 815 1039 880 unde
1064 833 1161 883 senes
1186 837 1260 884 non

227 907 363 993 proprie
396 907 475 971 sunt
508 903 687 989 suspiciosi.
721 903 802 969 Nota
836 905 863 970 si
892 923 934 970 ex
962 903 1091 971 levibus
1120 903 1261 973 indiciis

227 1000 326 1064 bomo
349 995 468 1080 incipit
491 995 643 1062 dubitare
673 993 715 1059 de
745 991 894 1060 bonitate
923 991 1072 1072 alterius,
1100 989 1154 1060 ¹est
1178 1016 1261 1082 pec-

227 1090 339 1154 catum
363 1085 507 1164 veniale,
532 1088 566 1150 et
587 1088 637 1150 est
659 1083 798 1149 tentatio
821 1081 983 1167 bumana:
1007 1080 1040 1182 si¹
1058 1104 1100 1150 ex
1122 1085 1260 1154 levibus

226 1172 359 1244 indiciis
388 1194 449 1258 pro
483 1179 573 1240 certo
603 1173 743 1242 estimat
777 1171 938 1250 malitiam
972 1174 1107 1242 alterius
1143 1175 1181 1253 iu'
1221 1197 1260 1242 re

227 1267 332 1352 gravi,
356 1270 405 1331 est
428 1269 599 1348 peccatum
623 1256 883 1330 mortale.³1tem
907 1263 935 1327 si
954 1265 1059 1350 iudex
1082 1285 1123 1332 ex
1147 1267 1261 1350 suspi-

227 1355 322 1423 cione
345 1355 496 1440 procedit
519 1356 562 1420 ad
584 1353 891 1430 condemnandum,
914 1354 964 1418 est
986 1355 1136 1433 mortale,
1161 1358 1261 1440 quod

226 1445 375 1528 pertinet
397 1445 439 1511 ad
463 1444 661 1526 injustitiam
684 1442 821 1509 directe.
1226 1520 1229 1528 ‚

205 1534 276 1603 Act.
300 1533 332 1602 l.
356 1533 405 1600 Ao
428 1533 518 1600 dotto
539 1535 605 1600 sint
626 1537 662 1599 ic
684 1533 838 1600 meliorem
857 1540 975 1620 portem
1004 1535 1259 1620 interpretando.

228 1625 265 1709 rt.
287 1624 352 1704 Sic,
376 1643 468 1707 secus
491 1623 568 1689 tacit
592 1621 748 1707 injuriam
772 1623 836 1702 illi,
860 1627 894 1689 et
915 1623 1100 1692 contemnit
1122 1625 1260 1711 ipsum,

226 1718 259 1780 et
282 1715 399 1780 melius
428 1719 477 1778 cst
507 1713 542 1778 in
574 1715 636 1778 hoc
664 1712 870 1798 frequentius
898 1713 982 1795 falli,
1013 1733 1113 1801 quam
1142 1716 1261 1782 rarius

228 1801 382 1872 babendo
406 1806 526 1870 malam
549 1801 741 1888 opinionem
770 1805 812 1867 de
835 1801 945 1888 aliquo
975 1807 1078 1884 bono,
1108 1803 1187 1887 quia
1214 1827 1263 1872 cx

226 1898 290 1962 hcc
312 1897 350 1960 tlt
377 1887 513 1979 injuria,
536 1912 605 1959 non
630 1913 670 1958 ex
694 1891 759 1958 illo.
776 1891 958 1973 Nolanum
975 1882 1138 1979 aliquibus
1155 1895 1262 1962 malis

226 1986 295 2052 sint
326 1984 471 2052 remedia
503 1983 722 2070 adhibenda,¹
738 1986 819 2048 tunc
852 1983 1019 2074 severiora
1049 1983 1259 2074 adhibenda.

226 2073 263 2142 ln
287 2075 478 2142 definiendo
501 2073 659 2139 debemus
683 2067 735 2138 'res
759 2071 1168 2167 interpretari,·utk,sunt,
1192 2077 1263 2144 sed

226 2164 261 2230 in
283 2164 409 2249 judicio
433 2180 650 2249 personarum
675 2164 710 2231 iu
735 2163 862 2230 melius.
1009 2161 1011 2169 ’

202 2252 271 2321 Art.
295 2253 327 2321 5.
351 2251 400 2320 Ao
422 2257 464 2320 stt
485 2271 600 2336 semper
618 2251 817 2338 judicandum
837 2249 997 2338 sociandum
1015 2255 1091 2340 loces
1105 2255 1258 2340 scriptos.

227 2344 264 2432 tl.
282 2341 345 2422 Sic,
360 2341 438 2430 quia
454 2344 540 2426 leges
555 2341 748 2410 scribuntur
761 2341 803 2408 ad
816 2341 1074 2434 declarationem
1086 2343 1174 2428 juris
1191 2366 1259 2414 ua-

227 2432 353 2516 turalis,
376 2438 409 2499 ct
432 2432 573 2517 positivi.
595 2431 676 2499 Nota
699 2433 787 2518 quod
807 2435 862 2516 jus
885 2432 1128 2505 naturalenoo
1153 2433 1259 2504 iusti·

226 2521 332 2589 tuitur
352 2544 374 2614 a
396 2524 477 2608 lege,
500 2524 558 2588 sed
580 2519 724 2588 instituit
747 2524 849 2606 leges:
865 2523 1044 2608 positivum
1059 2521 1258 2593 instituitur

225 2632 245 2677 a
268 2611 348 2699 lege.
372 2613 452 2678 item
474 2612 648 2695 scripturae
670 2616 787 2678 contra
806 2614 861 2695 Jus
885 2613 1035 2698 naturale
1057 2615 1136 2680 sunt
1159 2612 1259 2698 inju-

224 2703 295 2781 stae,
318 2706 351 2768 et
374 2722 443 2770 non
467 2701 623 2786 obligant.
652 2699 743 2781 item,
771 2705 905 2786 quaudo
932 2704 1019 2788 leges
1039 2703 1136 2785 J'ustee
1159 2686 1276 2785 datae'

225 2791 387 2858 deliciunt
416 2793 451 2858 in
476 2790 585 2876 aliquo
607 2811 684 2858 casu
709 2797 844 2881 propter
867 2791 1257 2880 circumstantiasiacti,

225 2900 294 2947 non
319 2887 367 2948 est
386 2881 605 2966 judicandum
629 2881 813 2948 secundum
830 2877 969 2964 literam,
985 2883 1044 2948 sed
1061 2879 1258 2951 secundum

225 2971 426 3056 aequitatem,
450 2991 549 3055 quam
573 2972 738 3056 legislator
761 2971 917 3040 intendit.
1001 3044 1004 3059 ¹
1300 2971 1301 2986 ¹

202 3059 271 3129 dtr.
295 3060 327 3128 6.
350 3059 399 3127 Aa
416 3061 569 3142 judicium
588 3082 644 3146 per
658 3066 886 3148 occupationem
902 3055 1044 3130 reddetur
1058 3082 1255 3148 pmoerrom.

226 3152 261 3235 rt.
283 3149 345 3230 Sic,
369 3153 447 3234 quia
470 3152 522 3218 lex
545 3151 644 3218 condi
668 3171 736 3218 non
761 3152 877 3235 potest,
902 3151 965 3218 nisi
984 3151 1116 3237 publica
1132 3159 1257 3223 aucto-

224 3239 338 3321 ritate,
361 3244 394 3306 et
417 3241 564 3325 ejusdem
588 3241 790 3308 auctoritatis
817 3246 865 3310 est
888 3243 995 3328 legem
1018 3241 1255 3328 interpretari,

224 3333 258 3397 et
279 3331 385 3417 legem
408 3333 564 3398 condere.
1298 3389 1299 3404 2

223 3416 239 3447 *
260 3419 418 3491 Praelatus
447 3422 626 3506 spiritualis
654 3425 681 3490 si
706 3423 907 3492 intromittat
929 3444 963 3491 se
986 3425 1021 3491 in
1046 3424 1255 3509 quibusdam
1298 3429 1299 3457 ¹

224 3513 462 3596 temporalibus
485 3531 553 3580 non
577 3517 626 3577 est
641 3533 802 3598 usurpare
814 3514 990 3598 judicium,
1006 3516 1085 3600 quia
1102 3517 1255 3598 potestas

221 3604 411 3690 temporalis
434 3602 588 3677 subditur
610 3605 783 3692 spirituali,
807 3609 846 3672 ut
868 3623 987 3692 corpus
1011 3605 1141 3674 animae.
