2622 4210
457 163 535 216 o1v1
558 159 709 214 rnoum.
988 145 1057 216 tlt

61 281 123 349 Art.
148 281 180 349 3.
203 280 253 348 Ao
276 280 438 348 secundom
459 285 640 364 preceptum
658 279 793 364 decolopi
807 283 1020 349 convenienter
1038 290 1101 350 tru-

80 373 179 439 detur.
206 375 241 457 ri.
264 371 325 448 Sic,
350 371 427 454 quia
451 371 535 435 tollit
557 370 834 454 impedimentum
858 391 948 437 verae
971 372 1102 457 religio·

81 463 141 539 nis,
165 463 200 527 id
224 467 274 526 est
296 459 550 525 irreverentiam
574 479 652 544 erga
675 461 791 526 Deum.

80 551 262 616 *literalis
287 550 445 633 expositio
468 552 567 632 hujus
591 551 748 633 praecepti
775 552 823 615 est
854 569 897 615 ne
924 553 1017 634 jures
1041 571 1101 634 pro

81 661 115 704 re
137 660 213 724 quae
237 644 395 718 nonest,
419 639 490 704 aliae
524 643 603 705 sunt
635 639 796 723 mystioae;
827 641 879 704 vel
910 639 1101 708 inordinata

80 729 258 813 assumptio
282 729 389 795 divini
415 728 576 807 nominis,
602 729 636 795 id
660 733 708 794 est
730 729 954 814 quodcunque
978 750 1100 798 nomen

80 819 137 883 Dei
161 823 225 884 stat
250 839 309 903 pro
333 839 370 883 re
392 818 587 902 significata.

59 906 122 975 Art.
139 908 170 974 l.
195 908 245 974 Αη
271 911 393 975 tertium
419 916 601 992 preceptora
635 908 785 992 decolopi,
821 909 855 974 r'd
883 916 942 991 est,
972 906 1101 978 Sublato

78 1001 264 1082 sanctificos,
294 1000 506 1065 convenienter
534 999 684 1065 tradatur.
713 1001 748 1083 ri.
772 997 841 1078 Sic,
865 1000 942 1083 quia
966 999 1100 1065 remotis

81 1089 327 1172 impedimentis
356 1107 444 1153 verae
474 1088 641 1169 religionis
671 1108 731 1172 per
761 1088 907 1171 primum
930 1091 964 1154 ct
985 1107 1100 1154 secun·

77 1180 176 1257 dum,
206 1179 343 1262 ponitur
369 1178 403 1243 in
429 1177 526 1242 tertio
551 1179 658 1242 cultus
683 1177 849 1262 religionis
873 1179 1017 1244 exterior
1040 1198 1100 1262 per

76 1269 209 1352 signum
232 1268 403 1345 sensibile,
435 1286 513 1333 nam
537 1270 579 1332 ad
602 1269 728 1332 cultum
760 1267 968 1346 interiorem,
993 1269 1027 1334 id
1051 1273 1100 1335 cst

77 1357 516 1443 orationem-devotionem
540 1357 642 1440 magis
665 1360 764 1423 bomo
788 1357 959 1424 inducitur
982 1357 1100 1424 instin-

75 1452 131 1512 ctu
154 1447 296 1531 Spiritus
319 1445 439 1513 Sancti.

75 1533 179 1602 *Hoc
203 1543 405 1622 praeceptum
430 1537 550 1620 partim
565 1541 622 1601 est
646 1539 778 1616 morale,
804 1538 838 1602 id
862 1539 919 1617 est,
945 1541 982 1603 ut
998 1539 1097 1604 bomo

76 1629 131 1692 det
153 1627 288 1712 aliquod
311 1631 441 1710 tempus
465 1627 507 1692 ad
532 1628 719 1692 vacandum
743 1627 876 1711 divinis,
900 1628 1021 1710 partim
1045 1649 1097 1694 ce·

78 1718 272 1795 remoniale,
298 1716 333 1782 id
356 1720 404 1782 est
426 1718 526 1782 datur
550 1716 584 1780 in
609 1717 740 1800 signum
764 1718 939 1782 ereptionis
964 1719 1098 1798 mundi,

75 1808 130 1873 sed
155 1805 210 1872 bio
234 1807 370 1890 ponitur
394 1810 431 1872 ut
454 1806 587 1872 morale.
613 1805 703 1886 ltem,
726 1807 802 1872 linis
826 1809 926 1890 hujus
943 1809 1099 1889 praecepti

77 1900 122 1961 est
145 1901 185 1961 ut
208 1899 308 1962 homo
331 1902 425 1961 vacet
449 1897 548 1961 rebus
572 1895 705 1972 divinis,
730 1901 763 1959 et
786 1896 921 1962 cessatio
940 1899 982 1961 ab
999 1916 1099 1978 opere

76 1985 204 2052 servili:
229 2005 311 2070 opus
339 1987 459 2052 servile
489 1985 612 2050 dieitur
640 2005 658 2051 a
688 1986 864 2064 servitute,
900 2005 965 2070 qua
1000 1988 1099 2052 homo

75 2075 177 2141 servit
200 2079 351 2159 peccato,
376 2077 429 2141 vel
456 2079 492 2139 ut
514 2093 629 2141 servus
652 2076 746 2139 alteri
771 2075 897 2140 homini
921 2077 1100 2158 corporali·

76 2169 123 2230 ter
145 2166 262 2244 servit,
285 2169 318 2232 et
341 2169 521 2248 utrumque
545 2165 756 2248 prohibetur:
782 2185 850 2231 non
870 2166 1011 2231 servitus
1027 2165 1097 2247 Dei,

19 2203 21 2312 l
76 2276 146 2339 quae
178 2261 285 2339 potest
319 2275 387 2320 esse
422 2256 528 2320 latria.
560 2253 639 2320 ltem
668 2254 863 2322 exercitium
888 2259 978 2321 actus
1001 2255 1097 2339 spiri-

76 2346 169 2411 tualis
205 2366 274 2412 non
310 2346 506 2428 prohibetur
535 2346 569 2410 in
600 2344 758 2424 Sabbato,
789 2350 826 2409 ut
852 2347 971 2411 docere
993 2348 1097 2412 verbo

19 2515 20 2526 ἵ
75 2437 123 2500 vel
147 2436 284 2519 scripto.
316 2435 395 2500 ltem
418 2454 535 2519 opera,
564 2454 638 2519 quae
667 2440 747 2500 sunt
776 2435 965 2500 communia
994 2435 1098 2500 servis

19 2527 20 2578 l
75 2529 104 2589 et
126 2525 256 2604 liberis,
289 2543 357 2591 non
389 2529 467 2592 sunt
493 2525 636 2590 servilia.
661 2523 758 2596 ltem,
784 2523 1097 2607 non'prohlbentur

19 2583 21 2704 i
75 2635 172 2696 opera
197 2615 379 2682 necessaria
407 2615 470 2681 sibi
495 2615 547 2679 vel
571 2614 722 2696 proximo
754 2615 958 2680 adsalutem
982 2634 1097 2697 eorpo-

19 2705 20 2752 l
76 2705 130 2785 ris,
161 2706 217 2770 vel
240 2707 282 2772 ad
305 2707 467 2770 damnum
492 2705 681 2783 vitandum,
713 2707 749 2768 ut
771 2721 903 2782 sanare,
929 2723 1096 2788 pugnare,

74 2813 168 2860 ovem
203 2799 372 2860 errantem
409 2795 581 2859 reducere.
615 2794 695 2858 ltem
730 2791 901 2858 Dominica
935 2799 1000 2858 stat
1036 2814 1096 2878 pro

74 2883 213 2951 Sabbato
247 2904 288 2949 ex
323 2883 557 2950 constitutione
594 2881 759 2962 Ecclesiae,
794 2888 827 2947 et
857 2885 1097 2950 consuetudine

76 2975 184 3057 populi
210 2973 341 3040 Christi.

57 3061 117 3130 Art.
142 3064 174 3130 3.
198 3062 248 3130 Ao
272 3068 486 3130 convenienter
512 3062 652 3130 tradatur
674 3069 817 3147 quartem
830 3070 1028 3147 preceptum:
1045 3067 1094 3131 bo·

19 3189 21 3258 l
75 3173 150 3220 noro
173 3160 323 3237 parentes.
350 3157 385 3236 ri.
408 3155 477 3232 Sic,
504 3154 581 3237 quia
613 3158 684 3236 post
715 3152 820 3217 Deum
851 3155 1009 3220 debemus
1040 3175 1096 3237 pa-

19 3315 20 3324 ,
75 3245 235 3320 rentibus,
259 3243 417 3326 quisunt
442 3243 638 3325 particulare
662 3242 865 3326 principium
890 3244 993 3308 nostri
1017 3263 1096 3323 osse,

19 3329 20 3410 ]
75 3333 155 3398 sicut
190 3333 277 3397 Deus
307 3337 354 3398 est
385 3333 582 3398 universale.
617 3333 715 3410 ltem,
746 3335 808 3398 sub
836 3336 898 3398 hoo
929 3337 1095 3415 praecepto

75 3422 171 3488 ctiam
207 3422 405 3506 intelligitur
436 3424 576 3487 reddere
606 3423 755 3488 debitum
785 3425 903 3506 cuique
933 3441 1093 3505 personae.

77 3510 169 3592 ltem,
199 3514 262 3578 sub
292 3515 420 3578 honore
452 3516 628 3596 parentum
659 3512 855 3596 intelligitur
881 3512 1094 3590 sustentatio,

19 3621 20 3634 ¹
76 3604 106 3664 et
127 3603 363 3686 quodcumque
386 3603 488 3670 allud.

60 3689 335 3760 trabicella
362 3713 417 3762 soc
443 3699 593 3777 procopio
621 3693 755 3778 doctori
783 3693 997 3762 convenienter
1033 3699 1095 3759 tro·
