2614 4190
286 79 354 166 tlt
544 109 591 166 ex
613 109 781 166 succum
804 110 982 170 succuum

617 323 795 411 Quusuo
819 323 902 394 ιιιι.
974 431 976 433 -

382 507 474 574 De
499 510 862 576 ascensione
888 507 1136 576 Christi.

239 679 306 752 Art.
331 683 361 754 l.
383 683 434 754 Αιι
456 687 555 772 fuerit
572 689 752 757 conueniens
777 687 932 756 Ctrictum
954 683 1124 754 mecedem.
1150 685 1196 770 ii.
1221 681 1294 758 Sic,

261 774 339 860 quia
361 775 550 860 immortali,
579 783 614 844 et
639 778 886 863 incorruptibili
915 779 1057 846 debetur
1086 776 1187 842 locus
1220 791 1297 858 pro-

260 863 477 947 portiouatus.

260 953 276 984 *
297 955 398 1022 locus
421 957 505 1025 nibil
528 957 657 1027 addidit
679 959 810 1044 corpori
839 957 980 1037 Christi,
1009 954 1075 1024 nisi
1111 954 1297 1039 quandam

260 1042 456 1128 decentiam,
479 1068 521 1114 ex
544 1069 609 1134 qua
631 1049 789 1134 gaudium
812 1049 929 1116 babuit
950 1046 1184 1124 accidentale,
1215 1044 1296 1111 ideo

259 1135 445 1239 retribuere
467 1141 595 1205 motum
617 1138 767 1222 Christo,
791 1140 829 1205 ut
862 1141 911 1205 eet
946 1140 1110 1214 creatura,
1134 1152 1215 1201 uon
1249 1135 1299 1198 eet

266 1243 518 1295 inconvenieus.

236 1310 305 1383 Art.
328 1316 359 1384 2.
381 1314 431 1385 Αιι
454 1321 616 1387 conueniat
638 1321 758 1389 Christo
781 1319 937 1388 accendero
960 1321 996 1386 tc
1030 1315 1146 1384 coetum
1176 1332 1298 1382 seruo·

178 1446 181 1452 -
259 1403 330 1473 dum
351 1407 487 1476 diriorem
509 1419 663 1478 ιιαιιιιιιιιι.
683 1413 719 1497 ri.
743 1409 775 1476 Si
797 1411 832 1494 ly
854 1410 1040 1478 secundum
1073 1405 1166 1471 dicat
1205 1425 1297 1472 con·

258 1496 419 1564 ditionem
442 1501 658 1581 ascendentis,
682 1499 828 1584 pertinet
849 1502 893 1567 ad
916 1503 1096 1565 humanam
1112 1496 1299 1575 naturam,

258 1587 292 1651 et
314 1590 422 1655 motus
445 1587 555 1658 localis
579 1609 647 1656 nou
670 1590 829 1658 convenit
857 1592 997 1657 naturae
1030 1585 1187 1666 divinae,
1223 1604 1296 1670 que

258 1675 344 1743 nibil
366 1675 477 1759 altius3
502 1677 530 1746 si
553 1680 586 1764 ly
614 1681 811 1761 secuudum,
839 1679 920 1747 dicit
948 1695 1096 1756 causam,
1132 1675 1296 1758 pertinet

256 1766 301 1832 ad
323 1766 473 1836 divinam
497 1772 661 1836 naturam.

235 1849 303 1923 Art.
328 1857 359 1926 3.
382 1856 432 1926 Aa
459 1856 600 1928 Corium
623 1856 792 1929 ocenum
812 1859 973 1930 secuudum
993 1857 1155 1944 proprium
1185 1859 1296 1926 virtut·

259 1952 325 2014 tem
352 1950 387 2034 ri.
411 1948 546 2034 Propria
569 1949 694 2017 virtute
717 1950 842 2033 diviua,
867 1952 919 2018 vel
942 1950 1071 2016 animae
1100 1945 1291 2030 gloriosae·

257 2055 327 2104 nou
349 2059 391 2106 ex
413 2043 539 2107 virtute
562 2041 706 2109 naturali
729 2043 886 2111 bumana.
910 2041 1012 2120 ltem,
1047 2035 1106 2108 ubi
1141 2037 1290 2123 spiritur

256 2129 356 2208 volet,
381 2129 428 2196 ibi
450 2129 514 2195 erit
536 2149 655 2216 corpus
678 2131 866 2214 gloriosum.

257 2214 270 2241 ¹
293 2218 445 2285 Ascendit
468 2221 601 2304 propria
622 2221 757 2301 virtute,
779 2222 838 2287 sed
860 2222 1006 2289 elevatus
1027 2239 1047 2285 a
1070 2215 1181 2298 Patre,
1199 2216 1284 2304 quia

256 2311 306 2374 ert
327 2309 442 2375 eadem
465 2309 581 2376 virtus.
605 2310 687 2377 ltem
709 2330 777 2378 nou
794 2316 843 2377 est
856 2315 965 2378 motus
980 2309 1016 2377 iu
1032 2309 1184 2388 instanti,
1203 2309 1289 2395 quia

256 2398 390 2464 effectus
411 2398 545 2468 divinae
567 2399 701 2466 virtutis
730 2401 889 2484 recipitur
911 2400 1094 2468 secuudum
1120 2403 1287 2466 naturam

220 2540 225 2564 .,
256 2487 421 2572 patientis,
439 2490 498 2556 sed
519 2509 639 2574 corpus
663 2510 731 2556 uon
755 2495 803 2558 est
831 2511 934 2575 capax
964 2487 1093 2556 moveri
1128 2489 1286 2556 localiter

199 2573 251 2666 *ἐξ
276 2603 293 2644 ,ι
317 2577 463 2660 instanti,
487 2598 565 2646 cum
587 2583 870 2648 commensureter
892 2581 1008 2666 spatio.
1305 2579 1306 2582 ’

219 2654 301 2734 “tf‘.
325 2667 356 2736 l.
379 2667 427 2736 ,ιιι
455 2667 595 2738 Ctrirtur
617 2671 787 2738 escenderit
805 2689 898 2756 supro
921 2689 1022 2738 omues
1035 2668 1140 2737 coetos.
1159 2669 1200 2754 ri.
1219 2669 1285 2750 Sic,

255 2755 334 2842 quia
356 2759 531 2843 perfectius
553 2760 771 2845 participabat
794 2761 977 2828 bonitatem
999 2759 1163 2826 divinam.

254 2843 271 2874 *
292 2846 378 2914 Deus
401 2853 450 2916 est
470 2868 570 2935 super
592 2868 707 2917 omues
729 2850 845 2932 coelos,
868 2856 902 2917 et
925 2850 1049 2918 dicitur
1071 2850 1203 2916 coelum
1228 2869 1282 2918 ee·
1304 2935 1305 2940 Ἰ

254 2937 311 3002 des
333 2937 404 3019 Dei,
426 2941 503 3026 quia
525 2940 612 3008 Deus
634 2944 682 3006 est
705 2939 741 3006 iu
764 2959 813 3019 eo,
836 2945 874 3006 ut
896 2939 933 3007 in
955 2943 1124 3021 contento,
1146 2959 1222 3006 non
1243 2943 1281 3008 ut
1304 2945 1305 2948 ’

255 3025 290 3092 in
314 3029 516 3098 continente.
540 3030 621 3097 ltem
643 3033 739 3097 extra
759 3031 888 3096 coelum
912 3049 981 3096 non
1004 3032 1053 3095 est
1075 3031 1186 3108 locus,
1210 3050 1280 3098 nec
1304 3037 1305 3132 l

254 3119 304 3181 eet
326 3120 472 3202 potentia
494 3119 678 3206 susceptiva
701 3121 868 3205 corporis,
890 3120 949 3186 sed
976 3120 1012 3187 iu
1044 3117 1173 3186 Christo
1202 3125 1285 3188 erat

254 3209 401 3290 potentia
425 3210 641 3295 perveniendi
665 3209 753 3279 illuc.
777 3210 857 3277 ltem
880 3229 939 3293 per
968 3209 1167 3276 miraculum
1201 3210 1279 3278 duo

254 3313 393 3382 corpora
414 3303 494 3368 sunt
514 3300 623 3381 simul,
647 3303 685 3365 ut
708 3320 784 3367 cum
808 3297 954 3367 Christus
977 3297 1080 3365 exivit
1101 3299 1281 3368 deutero.

254 3384 334 3454 ltem
357 3392 462 3457 nubes
490 3407 559 3455 non
588 3389 729 3474 suscepit
759 3388 925 3457 Christum
957 3389 1184 3470 sublevando,
1215 3391 1280 3458 sed

253 3479 407 3562 apparuit
428 3479 464 3545 iu
487 3478 618 3563 siguum
642 3477 836 3546 divinitatis.

231 3561 300 3635 Art.
323 3568 355 3634 5.
378 3568 561 3653 Aucupor
588 3569 707 3637 Ctrictl
728 3569 898 3638 mcmdcrr't
928 3587 1022 3655 cupro
1049 3587 1168 3638 οιιιιιιιιι
1193 3587 1279 3640 creo
1303 3595 1304 3660 ι

255 3662 356 3728 torum
376 3661 579 3744 ιριιιιιιιιιιιιι.
602 3661 638 3744 ιι.
661 3657 724 3742 Sic,
746 3660 824 3746 quia
846 3680 906 3746 per
928 3660 1089 3732 unionem
1111 3677 1276 3746 personae

1164 4153 1168 4164 .
1295 3943 1303 4176 l
