2614 4190
266 97 335 170 tto
511 113 576 170 m
599 113 767 170 saeuum
790 111 967 174 sanonum

247 244 409 320 mentum,
432 236 557 306 soiiioet
580 255 698 322 eorpus
721 236 841 305 Christi
864 241 913 305 est
930 240 993 306 sub
1011 239 1198 324 speeiebus3
1214 261 1268 308 res

246 350 337 410 veno,
362 330 448 396 idest
469 329 575 415 gratia
598 332 647 394 εει
671 327 706 395 in
728 327 938 414 suscipiente.

222 419 290 488 Ast.
315 421 347 488 2.
370 418 420 487 Ao
442 422 497 488 too
518 425 741 486 sacromentum
762 419 806 484 sit
827 436 933 502 onum,
960 421 1007 487 oet
1025 421 1128 504 ploro
1154 423 1191 506 ιι.
1213 421 1269 488 ist

247 529 363 590 unum,
388 528 458 577 non
481 509 611 575 unitate
648 507 867 587 indivisionis,
905 510 957 576 vei
996 510 1270 592 continuationis,

244 600 304 666 sed
327 599 550 685 perfeetionis,
573 598 651 683 quia
674 596 851 666 ordinatur
884 600 927 664 ad
965 600 1179 668 refectionem
1201 599 1270 685 spi·

246 691 412 772 nituaiem,
436 709 522 777 quae
543 687 685 775 requirit
706 688 783 768 duo,
806 685 930 754 soilioet
953 692 1068 774 potum
1091 693 1126 756 et
1142 690 1268 770 eibum,

247 780 345 848 sicuti
368 779 501 847 reiectio
525 777 715 864 oorporalis.

223 868 294 938 Art.
319 869 351 939 3.
372 870 424 938 'Ao
446 871 642 938 Eucharistio
664 871 707 936 sit
727 868 763 936 do
785 870 959 936 necessitote
981 869 1100 939 solutis.
1125 873 1163 956 it.
1193 871 1271 955 Sie,

245 962 407 1046 quantum
431 963 473 1028 ad
497 979 568 1027 rem
590 958 818 1044 significatam,
841 963 997 1044 quaeest
1020 960 1131 1028 unitas
1148 981 1270 1046 eorpo-

246 1051 291 1116 ris
314 1050 443 1136 mystioi
466 1049 598 1130 Christi,
622 1051 716 1116 extra
738 1049 828 1134 quod
856 1067 926 1116 non
964 1053 1012 1114 εει
1046 1051 1155 1131 εειιιε,
1191 1052 1271 1120 lieet

245 1139 350 1224 gratia
373 1140 441 1207 eius
465 1140 565 1223 possit
587 1139 702 1206 haberi
725 1139 760 1206 in
785 1143 862 1205 voto
885 1140 1026 1218 tantum,
1050 1140 1127 1206 iioet
1142 1161 1181 1208 re
1198 1163 1269 1210 non

244 1233 395 1296 sumatur
407 1251 417 1312 ;
440 1231 498 1297 sed
522 1248 591 1296 non
614 1231 664 1294 est
685 1230 728 1297 de
762 1226 954 1295 necessitate
988 1249 1027 1295 eo
1060 1232 1160 1296 modo
1201 1252 1270 1317 quo

245 1320 435 1406 baptismus.
459 1319 540 1385 Item
564 1323 778 1400 augmentum
801 1317 982 1402 spirituale,
1003 1318 1089 1385 idest
1107 1318 1268 1402 Christus,

244 1409 411 1476 convertit
434 1410 602 1475 hominem
626 1406 662 1473 in
684 1427 732 1489 se;
755 1427 848 1474 seous
871 1410 1050 1492 corporale,
1073 1412 1165 1494 quod
1190 1431 1269 1481 oon·

245 1500 387 1566 vertitur
410 1501 446 1566 in
469 1499 570 1565 aliud.

221 1588 289 1659 Art.
313 1589 348 1658 ι.
368 1589 418 1658 Ao
440 1591 654 1658 conuenienter
676 1591 731 1657 too
759 1596 981 1658 sacromentum
1000 1589 1144 1676 pluribus
1166 1596 1269 1661 nomi·

243 1679 334 1747 sitos
356 1683 543 1749 nominetur.
568 1682 604 1765 it.
626 1680 695 1758 Sie,
720 1682 757 1745 ut
785 1678 1004 1760 Sacrificium,
1043 1678 1268 1764 communio,

242 1767 415 1854 Viatieum,
439 1770 650 1849 Eucharistia,
675 1768 710 1835 id
734 1772 782 1834 εει
805 1770 892 1836 bona
907 1771 1022 1854 gratia,
1040 1790 1128 1856 quae
1144 1774 1266 1842 tribui·

242 1863 299 1926 tur
323 1861 400 1927 huie
422 1864 630 1928 sacramento
652 1877 713 1942 per
736 1860 1010 1928 antonomasiam.

220 1949 288 2020 Art.
311 1948 344 2017 s.
367 1949 417 2018 Aa
440 1953 598 2019 institistis
619 1951 709 2017 totos
731 1951 913 2016 sacramenti
940 1952 1040 2034 fuerit
1070 1955 1264 2021 conueniens.

243 2041 280 2125 si.
303 2039 365 2117 Sio,
389 2041 465 2127 quia
489 2062 508 2108 a
531 2037 669 2122 Christo,
691 2038 748 2126 qui
772 2040 857 2105 bene
879 2040 990 2107 omnia
1012 2039 1101 2121 ieeit,
1116 2044 1161 2111 ob
1176 2045 1265 2110 mul·

244 2132 292 2195 tas
314 2149 427 2197 causas
449 2131 566 2217 (Vide).

221 2218 289 2288 Ast.
313 2218 345 2288 6.
367 2218 417 2287 Ao
440 2220 548 2305 Apsos
568 2220 719 2304 paschalis
741 2220 841 2305 {uerit
857 2222 1022 2307 praecipuo
1043 2223 1147 2306 tipum
1173 2225 1264 2291 totus

244 2312 436 2378 sacramenti.
460 2312 496 2395 it.
517 2309 580 2391 Sio,
604 2309 714 2395 Agnus
737 2329 813 2376 eum
836 2310 959 2394 azymis
993 2310 1183 2382 immolatus
1207 2316 1263 2380 de·

242 2400 446 2485 oimaquarta
469 2402 588 2486 lunae),
612 2399 704 2467 ouius
725 2398 887 2484 sangnine
924 2400 1048 2468 defensi
1085 2409 1169 2470 sunt
1205 2402 1262 2470 filii

243 2490 349 2556 lsrael.
373 2491 410 2556 in
433 2492 495 2558 hoe
516 2492 722 2557 sacramento
745 2488 973 2557 consideratur
1010 2492 1119 2574 primo
1156 2513 1261 2561 saera·

244 2583 396 2646 mentum
420 2583 560 2661 tantum,
584 2580 668 2647 idest
692 2579 784 2663 panis
806 2582 841 2644 et
863 2580 1002 2661 vinum;
1031 2583 1180 2650 seeundo
1210 2601 1261 2649 res

244 2677 278 2735 et
298 2674 552 2749 sacramentum,
576 2670 665 2754 quod
688 2673 737 2734 est
759 2686 878 2753 eorpus
900 2666 1043 2759 Christi,
1076 2673 1175 2741 tentio
1210 2691 1261 2741 res

244 2763 387 2841 tautum,
410 2761 496 2829 idest
518 2761 663 2841 eiieotus,
685 2777 744 2826 seu
766 2757 926 2827 liberatio.

574 3026 751 3118 ouasno
775 3027 902 3100 uxxuv.

327 3213 419 3279 De
442 3214 702 3278 materia
725 3215 1156 3284 Eucharistiae

391 3309 681 3383 quantum
706 3303 782 3370 ad
806 3304 1091 3387 speciem.

224 3480 294 3549 Art.
319 3480 349 3548 i.
371 3481 421 3550 Ao
442 3483 570 3549 motoria
591 3483 681 3550 tutus
703 3485 941 3551 sacromontisit
958 3487 1049 3568 ponis
1070 3482 1113 3570 {et
1141 3490 1258 3570 sonos,

248 3573 284 3654 st.
307 3571 368 3652 Sin,
392 3571 468 3658 quia
492 3589 568 3639 usus
601 3575 795 3640 mouumenti
833 3578 882 3639 εει
919 3575 1152 3662 manducatio,
1175 3577 1257 3644 siout

246 3659 339 3726 cibus
360 3660 506 3744 eorporis
528 3665 577 3729 est
598 3662 703 3748 panis,
726 3666 761 3728 ει
781 3664 824 3732 oh
845 3661 924 3732 alias
962 3663 1106 3734 rationes
1141 3665 1255 3756 (vide).
1293 3659 1294 3678 ¹
