2636 4202
254 58 297 130 16
403 57 406 64 “
565 70 611 122 ιιι
629 69 748 124 earne
771 68 892 125 ιιιιι

228 238 326 314 runt,
350 253 412 300 nec
435 234 551 312 erunt,
575 233 625 297 est
653 228 791 296 scientia
821 227 981 314 simplicis
1010 225 1274 312 intelligentiae,

226 323 303 410 quia
324 323 436 390 sunt
426 343 462 388 an
485 322 554 390 sola
576 316 635 390 uei
657 319 894 406 intelligentia,
922 319 955 386 et
977 337 1047 388 non
1071 317 1270 404 videntur,

224 415 283 481 scd
305 411 552 500 intelliguntur.

225 503 341 588 Quae
363 503 424 570 scit
448 523 516 570 non
540 503 667 570 habent
690 519 769 579 esse,
792 499 857 568 nisi
879 500 967 567 Deus
991 499 1073 566 velit
1095 498 1152 566 illa
1171 519 1265 566 csse.

202 592 270 663 Art
295 589 1050 696 to.1trmosccpnoscarmata.asinaeo
1074 589 1266 674 perbona,
1298 659 1299 662 ,

224 685 302 769 quia
325 703 393 752 esse
416 683 494 750 mali
518 669 565 750 est
589 680 732 766 privatio
755 679 874 768 boni,
870 698 949 748 cum
972 681 1148 768 cognoscat
1175 699 1267 765 per·
1298 767 1299 772 ἵ

225 773 402 840 lectionem
424 773 476 840 sui
499 773 659 840 effeetus„

202 860 270 933 Αιι.
297 861 348 932 ll.
372 860 423 931 An
445 864 526 932 Deus
548 868 708 968 cognoscat
729 860 913 944 stapulcric.
938 861 974 946 ιι.
997 859 1060 942 Sic,
1084 858 1172 946 quia
1190 861 1263 928 hoc

225 957 274 1018 est
296 937 463 1037 perfectio,
488 957 521 1019 et
543 953 621 1039 quia
644 949 782 1034 scientia
804 949 863 1018 Dei
886 955 977 1018 creat
990 948 1174 1040 singularia
1193 970 1262 1038 per

225 1060 318 1108 suam
343 1045 527 1112 essentiam
712 1089 719 1104 ·

192 1129 269 1202 'Art
296 1131 347 1202 tt.
371 1132 421 1203 Αιι
444 1134 526 1202 Deus
546 1135 643 1218 possit
665 1150 840 1216 cognoscere
864 1092 999 1216 infinito.
1016 1089 1061 1216 ιι.
1085 1127 1150 1210 Sic',
1167 1130 1258 1216 quia

223 1222 362 1294 suntin
385 1222 545 1308 potentia,
567 1227 605 1291 ut
611 1221 841 1314 cogitationes
864 1220 1056 1304 hominum,
1080 1239 1149 1289 non
1174 1239 1258 1286 suc·

224 1313 357 1392 cassius,
381 1315 439 1380 sed
461 1312 569 1378 simul.

201 1397 580 1472 intitularentur
613 1403 672 1470 Dei
705 1405 750 1470 sit
780 1403 815 1488 [ιι
819 1409 957 1482 tororum
991 1403 1254 1486 contingentium.

209 1493 261 1590 ιι.
285 1491 347 1572 Sic,
371 1513 440 1561 non
463 1493 569 1560 solum
593 1497 630 1558 ut
651 1490 788 1559 suntin
812 1511 926 1570 causa,
951 1509 1025 1576 quae
1048 1495 1097 1558 est
1123 1491 1166 1560 ad
1190 1513 1255 1576 op-

166 1657 170 1666 ,
209 1581 343 1665 'posita,
366 1585 424 1650 sed
447 1587 484 1656 ut
506 1581 618 1650 sunt
609 1602 644 1648 rn
666 1582 796 1668 seipsis,
820 1581 855 1648 id
879 1585 938 1662 est,
962 1579 997 1646 in
1020 1583 1115 1660 actu,
1139 1585 1171 1646 ot
1195 1593 1254 1647 co-

222 1671 351 1756 gnoscit
374 1693 412 1741 ea
434 1671 543 1753 simul,
554 1671 644 1758 quia
667 1669 811 1758 cognitio
830 1670 889 1740 Dei
904 1675 954 1738 est
969 1668 1078 1751 simul,
1095 1665 1146 1736 et
1138 1671 1251 1766 rospi

223 1759 269 1827 cit
292 1780 391 1829 omne
414 1767 555 1847 tempus

224 1851 292 1918 Si
314 1852 401 1920 Deus
424 1854 519 1922 scivit
548 1853 715 1933 futurum,
751 1855 808 1919 est
834 1850 1012 1946 propositio
1048 1849 1248 1930 necessaria,

225 1960 294 2009 non
325 1944 536 2030 contingens,
568 1943 603 2010 id
626 1945 689 2023 cst,
714 1945 752 2008 ut
775 1941 884 2008 visum
907 1946 956 2008 est
978 1961 997 2006 a
1019 1939 1104 2019 Deo,
1127 1959 1185 2008 seu
1210 1941 1247 2007 in
1298 1949 1299 1952 ’

222 2035 309 2120 actu,
333 2051 402 2100 non
424 2032 617 2118 simpliciter
642 2031 799 2115 respectu
815 2051 932 2136 causae,
956 2010 1067 2098 velia
1083 2049 1129 2113 se,
1144 2033 1177 2096 et
1196 2035 1248 2098 est
1298 2085 1299 2088 ¹

224 2139 303 2187 vera
327 2121 362 2186 in
385 2143 485 2189 sensu
507 2121 697 2204 composito,
722 2139 789 2188 non
814 2121 848 2186 in
872 2120 990 2186 diviso.
1298 2181 1299 2192 ,

201 2209 271 2278 Art
297 2209 349 2277 ll.
372 2212 422 2279 Αιι
444 2207 527 2282 Deos
552 2218 713 2314 capreosoct
737 2208 953 2280 enuntiabilia.
987 2211 1025 2300 ιι.
1061 2207 1130 2286 Sic,
1166 2211 1245 2296 quia
1298 2227 1299 2230 ’

222 2299 391 2386 cognoscit
423 2321 497 2386 quae
524 2297 640 2367 sunt
631 2320 665 2366 m
690 2299 838 2384 potentia
860 2319 919 2368 sua
941 2301 975 2364 ct
999 2304 1243 2383 creaturarum,

223 2393 261 2454 nt
284 2390 554 2476 propositiones
544 2411 581 2456 m
604 2390 756 2470 homine,
781 2396 813 2457 et
836 2388 1001 2494 cognoscit
1026 2385 1199 2474 simplici
1189 2409 1244 2456 rn-

223 2480 328 2560 tuitu,
355 2481 432 2566 quia
459 2479 778 2633 repraesentantur
767 2501 803 2548 m
827 2481 926 2546 unica
949 2479 1091 2546 essentia
1110 2478 1242 2560 divina,

177 2635 181 2640 .
222 2568 307 2634 sicut
330 2589 389 2652 per
412 2590 513 2636 unam
537 2569 690 2654 speciem,
714 2574 747 2635 et
770 2589 839 2636 non
863 2567 1045 2655 componit.
1298 2601 1299 2604 ¹

199 2656 268 2726 Α.ιι
293 2658 346 2727 lo.
370 2659 419 2728 Αιι
441 2663 570 2730 scientio
592 2660 652 2728 Det
674 2662 719 2726 ιιι
738 2659 907 2728 variabilis.
932 2659 969 2749 ιι.
993 2657 1075 2737 Non,
1099 2657 1174 2744 quia
1192 2661 1242 2726 est
1298 2671 1299 2674 ’

221 2749 293 2834 eius
314 2751 510 2818 substantia.

222 2837 400 2906 Scicntia
422 2839 482 2908 Dei
506 2838 585 2908 dicit
608 2838 803 2906 relationem
827 2839 870 2908 ad
893 2843 1077 2917 creaturas,
1104 2841 1141 2906 ut
1161 2845 1239 2906 sunt
1298 2845 1299 2848 ’

221 2931 257 2994 in
281 2927 358 3008 Deo,
383 2931 416 2996 et
439 2950 508 3000 nou
533 2930 634 2998 refert
656 2929 683 2996 si
707 2929 765 2996 liat
788 2930 926 3004 mutatio
949 2929 986 2997 in
1009 2927 1177 3008 creaturis,
1202 2935 1238 2995 ut

220 3023 299 3084 sunt
322 3019 357 3088 in
381 3039 425 3085 se.
457 3017 537 3088 ltem
560 3019 647 3086 oeus
671 3039 738 3086 non
764 3025 870 3104 potest
891 3019 976 3086 scire
1004 3017 1110 3103 plura,
1140 3039 1236 3104 quam
1298 3071 1299 3074 ,

220 3109 290 3174 soit.
316 3108 394 3176 ltem
419 3108 504 3178 Deus
526 3109 588 3176 scit
611 3130 684 3194 quae
709 3113 814 3194 potest
840 3109 964 3188 lacere,
996 3112 1030 3176 et
1053 3127 1121 3174 non
1145 3107 1234 3188 tacit,
1298 3179 1299 3200 ι

86 3204 94 3208 “
221 3201 253 3265 ιι
277 3198 303 3266 si
327 3199 423 3282 plura
446 3199 583 3278 laceret,
607 3204 690 3266 esset
713 3198 852 3266 mutatio
875 3200 911 3266 in
934 3195 1071 3266 scientia
1094 3196 1233 3277 visionis,

221 3291 253 3352 et
278 3309 345 3356 non
363 3289 550 3357 inscientia
566 3289 767 3374 simpliciter
792 3288 882 3369 ltem,
908 3287 1053 3358 Christus
1076 3287 1232 3367 nascitur,

221 3383 269 3442 est
304 3379 506 3458 nasciturus,
539 3383 638 3448 natus
673 3383 736 3458 est,
772 3398 840 3446 non
867 3378 1056 3466 significant
1078 3375 1178 3458 idem;
1190 3381 1233 3444 ot

221 3467 307 3539 Dens
329 3489 459 3554 semper
481 3467 664 3556 cognoscit,
690 3473 726 3535 ut
748 3471 828 3536 sunt
851 3489 909 3554 per
930 3488 1024 3536 suam
1048 3468 1229 3562 essentiam,

222 3575 285 3625 neo
307 3563 414 3628 mutat
436 3559 637 3642 opinionem

141 3707 144 3711 .
198 3648 265 3716 Art
290 3649 343 3718 lo.
367 3648 415 3718 Αιι
438 3649 520 3717 Deae
543 3650 577 3716 ιιι
600 3649 687 3718 retus
710 3647 817 3717 lacteat
833 3651 993 3718 ιιιιιιιιιιιι
1008 3645 1225 3736 speculatorum.
