2632 4212
330 173 334 184 '
421 189 505 283 mu
531 189 677 248 rnoue.
963 173 1028 248 εει

50 337 107 416 pta
138 327 352 412 infidelitate,
387 337 420 398 ει
450 331 526 398 odio
554 330 611 398 Dei
637 332 699 413 sic,
723 333 780 419 qui
805 339 935 419 peccata
958 341 1074 404 eontra

52 422 188 487 virtutes
212 422 411 506 theologicas
433 428 511 488 sunt
534 423 686 508 graviora
710 423 797 500 aliis,
827 424 894 490 imo
917 444 957 491 ex
981 433 1074 510 parte
1207 497 1209 509 A

49 514 160 578 nostra
184 512 371 596 desperatio
395 515 443 578 εει
467 512 678 596 periculosior
701 512 906 594 infidelitate,
930 522 963 582 et
986 517 1073 596 odio,

48 602 125 687 quia
148 603 216 667 line
240 602 345 676 lraeno
367 602 489 670 labitur
512 602 546 668 in
572 602 654 668 vitia
677 601 805 668 sublata
827 623 894 694 spe.
970 667 976 681 ,
1013 631 1017 640 ·

27 691 95 759 Art.
118 691 151 759 l.
173 691 224 758 Ao
250 691 417 777 desperatio
446 694 567 759 orietur
596 711 634 761 es
664 691 789 761 accidia.
821 695 855 780 ri.
885 691 1075 779 specialiter

47 781 106 861 sic,
128 780 207 867 quia
231 799 273 848 ex
298 779 428 848 tristitia
451 783 612 868 dejectiva
630 783 766 866 spiritus
782 785 879 850 homo
897 789 990 869 putat
1007 805 1073 853 non

50 889 141 955 posse
163 869 226 938 sibi
250 870 385 956 adipisci
402 874 527 940 bonum
543 873 698 938 arduum.
717 872 797 939 item
814 874 963 942 nascitur
975 875 1075 942 etism

48 981 91 1027 ex
115 959 264 1042 luxuria,
294 961 371 1048 quia
394 963 493 1029 homo
515 981 557 1030 ex
580 961 797 1029 delectatione
821 983 963 1030 venerea
986 965 1076 1032 lasti·

48 1053 101 1117 dit
122 1051 251 1132 divina,
277 1069 339 1119 nec
362 1055 455 1136 putat
478 1051 645 1138 consequi.

410 1230 590 1318 pemmo
618 1231 696 1300 xxi.

247 1415 337 1480 De
363 1415 857 1496 praesumptione.
966 1503 971 1510 ι

30 1593 95 1662 Art.
119 1589 150 1669 l.
174 1595 224 1662 Aa
247 1595 441 1677 presumptio
464 1593 622 1660 incitator
647 1591 718 1675 Deo,
741 1593 789 1661 oei
809 1597 943 1679 proprie
957 1599 1077 1666 virtuti.

52 1685 87 1768 ri.
109 1682 192 1766 Qnae
215 1683 297 1750 dicit
321 1682 610 1760 immoderantiam
624 1684 717 1767 spei,
748 1683 788 1750 et'
804 1685 986 1770 opponitur
1007 1687 1076 1770 spei

51 1769 260 1858 theologicae,
285 1771 416 1839 innitur
444 1772 510 1838 Deo
536 1770 742 1853 inordinate,
773 1779 809 1839 ul
836 1776 1006 1862 consequi·
1023 1795 1078 1843 ve·

51 1864 141 1928 uiam
177 1862 250 1928 sinc
289 1862 504 1948 poenitentia,
535 1863 673 1947 &oriam
705 1862 776 1929 sine
816 1862 956 1946 meritis;
988 1869 1077 1952 quod
1120 1919 1122 1926 a

49 1958 99 2018 est
122 1971 185 2037 per
207 1952 432 2019 inordinatam
451 1953 703 2019 conversionem
727 1953 769 2018 ad
793 1951 908 2034 Deum,
934 1959 967 2020 et
989 1975 1079 2040 sper·

50 2041 101 2107 nit
130 2041 282 2109 divinum
309 2041 488 2128 justitiam
512 2042 596 2108 sicut
620 2041 804 2126 desperatio
834 2044 871 2108 nt
902 2063 961 2129 per
983 2057 1078 2112 mer·

48 2131 178 2198 sionem
202 2151 222 2199 a
243 2131 328 2211 Deo,
351 2135 386 2198 ει
409 2133 593 2198 contemnit
623 2133 773 2198 ‹lirinam
804 2132 1078 2217 misericordiam,

52 2228 85 2288 et
120 2228 173 2289 est
209 2226 380 2308 peecatum
413 2222 455 2296 in
486 2221 645 2308 Spiritum
684 2223 859 2302 Sanctum,
893 2226 971 2312 quin
1001 2245 1081 2293 con·

52 2309 194 2393 temnit„
225 2313 258 2378 el
287 2309 372 2378 tollit
399 2313 469 2397 ejus
497 2312 711 2396 adjutorium.
743 2313 823 2378 item
859 2333 1078 2397 praesumens,

50 2403 227 2468 conlidens
254 2418 296 2468 ex
325 2401 458 2486 propria
491 2401 630 2484 virtuto,
662 2405 801 2469 tendens
832 2404 865 2469 in
892 2407 1016 2470 bouum
1043 2413 1080 2472 ut

49 2491 112 2559 sibi
136 2489 307 2577 possibile,
335 2511 412 2558 cum
442 2491 605 2558 excedant
632 2512 725 2558 sunm
749 2493 833 2569 vim,
864 2492 1020 2559 innititur
1044 2495 1078 2560 in

49 2601 107 2648 sua
131 2582 179 2661 ui,
203 2583 237 2646 ct
259 2582 439 2667 opponitur
463 2579 579 2647 uirtuti
604 2583 894 2668 magnanimitatis.

51 2677 63 2718 '-
86 2672 239 2738 Primum
262 2675 310 2738 est
333 2671 466 2758 gravius
489 2676 670 2756 peecatum,
695 2672 772 2759 quia
792 2672 914 2738 minuit
929 2673 1078 2740 divinam

53 2761 216 2828 virtulem
239 2779 299 2846 per
321 2761 572 2840 inconveniens,
596 2767 629 2827 et
651 2763 697 2828 sic
721 2763 841 2828 avertit
864 2783 882 2828 a
906 2762 982 2830 Deo.

33 2853 97 2920 lrt.
120 2852 156 2920 2.
183 2851 230 2918 ln
251 2853 445 2937 presumptio
468 2854 513 2917 rit
530 2859 693 2935 poeeolom.
719 2855 753 2938 ri.
777 2851 839 2932 Sic,
854 2852 931 2938 quia
947 2857 995 2920 est
1011 2871 1081 2920 mo·

52 2947 104 3009 tus
134 2943 303 3027 appetitus
336 2940 514 3020 contuentis
549 2941 730 3008 intellectui
760 2943 853 3022 lnlso;
885 2945 942 3010 scd
972 2944 1081 3010 miuus

53 3035 228 3115 peceatum
251 3038 300 3097 εει
323 3049 422 3117 quam
445 3031 648 3114 desperatio,
678 3031 755 3118 quin
784 3032 885 3118 magis
909 3033 1079 3119 proprium

52 3127 100 3188 cst
122 3121 184 3188 Dei
209 3141 344 3205 parcere
367 3139 467 3205 quem
492 3120 623 3206 punire.
691 3205 695 3210 Δ
797 3197 806 3216 .
981 3193 986 3201 ,

53 3211 66 3236 '
89 3211 296 3302 l'raesurnere
312 3211 490 3295 aliquando
505 3210 648 3278 sumitur
664 3229 724 3296 pro
740 3231 881 3296 sperare.
899 3213 978 3281 ltenr
999 3231 1082 3298 prae·

54 3302 200 3387 sumptio
230 3320 299 3368 non
330 3306 378 3366 est
407 3320 556 3368 excessus
578 3301 646 3385 spei
671 3301 706 3368 in
729 3300 814 3388 Deo,
837 3302 872 3369 id
895 3302 1082 3386 est,‚ninris

54 3409 200 3475 sperare,
222 3392 282 3457 scd
298 3394 348 3456 est
359 3409 492 3474 sperare
515 3392 557 3458 de
579 3390 658 3472 lieo,
680 3393 770 3477 quod
794 3391 860 3459 Deo
877 3409 1081 3460 nonconre·
1154 3397 1158 3403 '

56 3485 116 3548 nit.
141 3481 224 3548 ltem
249 3499 459 3566 perseverare
483 3480 517 3572 in
543 3487 675 3565 peccato
696 3485 760 3549 sub
779 3501 836 3568 spe
853 3483 969 3561 venie,
986 3485 1082 3565 auget

58 3577 246 3654 peecatum,
281 3574 314 3636 et
348 3575 397 3637 est
427 3572 654 3656 preasumpti03
684 3574 742 3638 sed
772 3591 907 3657 peccare
934 3573 997 3660 sul)
1025 3587 1082 3653 spe

59 3661 165 3728 rcniae
188 3659 367 3746 aliquando
385 3659 697 3744 percipiendarum
715 3661 880 3747 proposito
896 3660 1081 3736 obtinendi,

56 3757 87 3816 et
117 3749 325 3838 poenilendi,
356 3769 423 3817 non
454 3756 504 3816 cst
533 3753 762 3835 presumptio,
790 3756 823 3817 et
847 3749 1082 3833 minuit‚'rpriu
