2614 4190
271 99 338 176 tua
584 123 630 175 rex
655 120 911 175 saepenumero

226 240 294 311 ..ιιι
318 239 349 309 3.
371 239 422 308 Au
444 241 655 309 eouueuieuter
682 248 897 308 enumerentur
931 257 1022 326 opero
1051 239 1277 325 satisfactorie

251 335 289 420 rt.
309 331 371 408 Sia,
398 329 482 396 idest
515 331 732 416 eleemosyna
767 330 940 410 ieiunium,
974 329 1103 410 oratio,
1135 332 1171 395 ει
1200 333 1277 394 sunt

248 421 344 487 eirea
358 423 445 486 bona
466 420 617 500 fortuna,
641 421 796 504 eorporis,
820 419 932 488 animi.
956 418 1049 498 llem,
1067 418 1151 485 lieet
1167 418 1276 485 omnis

248 509 363 590 oratio,
387 510 568 594 presertim
583 510 849 594 contemplativa,
861 511 979 577 habeat
993 509 1201 576 suavitatem
1215 507 1280 590 spi·

248 599 343 679 ritus,
366 601 476 666 maren
500 600 597 666 eliam
622 602 721 667 habet
736 599 945 668 alilietlonom
965 597 1087 665 earnis.
1106 597 1204 674 llem,
1224 615 1279 679 pe·

247 688 428 774 regrinatio
452 690 596 773 pertinet
607 689 649 754 ed
673 687 844 757 ieiunium.
860 688 951 769 ltem,
975 686 1089 755 omnia
1105 687 1280 774 quaesunt

248 779 284 844 in
319 778 495 846 utilitatem
526 778 669 863 proximi
696 783 847 864 spectant
880 781 923 846 ad
952 777 1228 863 eleemosynam
1252 777 1283 838 el

248 887 478 955 quaecumque
501 869 596 936 latria
621 869 797 937 exhibetur
821 867 1000 938 Deuhabet
1018 866 1191 934 rationem
1208 882 1283 932 ora·

249 956 358 1026 tionis.

611 1138 790 1225 Qumsrlo
813 1138 889 1212 xvi.

448 1319 540 1387 De
565 1317 1048 1405 suscipientibus

293 1417 760 1479 sacramentum.
776 1411 1218 1495 poenitentiae.

226 1586 294 1658 let.
317 1587 350 1658 l.
372 1586 421 1658 Aa
441 1591 630 1676 poenitentia
646 1593 829 1675 uomitusue
851 1592 887 1658 iu
909 1587 1281 1676 iuuooeatitur.rl.llau

248 1684 349 1760 aolus,
373 1682 431 1747 sed
454 1681 594 1758 habitus,
618 1681 695 1766 quia
721 1685 826 1766 posset
848 1680 1021 1765 poenitere.

225 1769 297 1838 Art.
320 1769 351 1838 2.
375 1768 427 1838 Au
449 1772 560 1851 saneti
575 1773 629 1855 qui
642 1779 717 1839 suut
736 1775 771 1840 iu
786 1771 888 1858 atarto
898 1769 1028 1839 toteout
1035 1770 1279 1854 poeniteutiam

248 1862 283 1946 it
307 1859 346 1926 Ut
369 1864 417 1927 est
440 1862 559 1946 gratias
575 1880 671 1945 agere
693 1862 760 1929 Deo
783 1883 844 1947 pro
867 1860 1090 1929 mrsemoardm
1102 1861 1281 1927 relaxante

247 1955 390 2033 peecata,
413 1950 469 2029 sie,
486 1955 520 2017 et
541 1956 677 2038 estpars
700 1952 843 2034 iustitiae,
855 1971 930 2038 quae
953 1951 1132 2018 remanet
1122 1970 1157 2017 m
1174 1951 1277 2030 eoelo,

246 2041 304 2106 sed
326 2040 398 2106 sine
420 2040 542 2108 dolore
566 2040 602 2108 ln
627 2041 753 2109 Christo
776 2063 845 2112 non
869 2047 917 2109 est
952 2038 1160 2126 penitentia,
1192 2039 1277 2126 quia

248 2148 316 2196 nun
341 2130 447 2214 putuit
471 2149 616 2214 peceare.

224 2217 292 2286 Art.
317 2217 348 2286 s.
371 2217 420 2286 Au
443 2217 576 2304 eloquius
608 2224 652 2288 sit
670 2224 854 2308 susceptivus
876 2221 1091 2306 poeniteutiae.
1122 2221 1159 2304 il.
1191 2217 1277 2299 Non,

247 2309 325 2394 quia
349 2327 415 2375 non
439 2311 539 2376 habet
562 2314 755 2396 peecatum:
778 2313 813 2380 ln
837 2312 993 2379 Daemane
1017 2317 1066 2377 est
1088 2313 1194 2390 uetus,
1215 2328 1277 2375 eeu

247 2397 362 2482 passio,
387 2417 454 2466 nen
479 2400 618 2470 habitus.
642 2402 732 2481 llam,
758 2421 824 2470 nun
850 2407 898 2469 eet
910 2403 1025 2470 eadem
1041 2399 1126 2466 ratio
1143 2399 1188 2464 de
1203 2399 1276 2464 ani·

247 2490 363 2556 mabus
386 2487 549 2556 damnatis
572 2497 605 2558 ει
627 2491 670 2558 de
692 2491 913 2574 Daemanibus,
936 2489 1015 2577 quia
1039 2489 1074 2557 in
1099 2486 1162 2554 illie
1188 2506 1276 2573 prae·

246 2577 341 2660 oeesit
360 2585 534 2666 ¹peeeatum
557 2580 762 2649 remissibile.

593 2759 771 2850 Qumsuo
794 2759 888 2835 xvir.

332 2941 424 3016 Do
448 2945 705 3016 entitate
729 2951 792 3014 et
816 2940 1159 3029 quidditate

607 3041 885 3108 clavium

221 3214 290 3285 Art.
313 3215 344 3287 l.
367 3161 419 3284 Aa
439 3216 572 3284 etaoee
557 3236 593 3284 eu
617 3215 753 3286 Ecclesia
766 3237 828 3286 oeae
846 3213 986 3283 deleoul
1008 3213 1043 3297 rt
1059 3209 1204 3292 Potestas
1219 3227 1272 3276 re·

244 3306 398 3374 mittendi
422 3307 561 3392 peecata,
586 3309 619 3374 et
641 3309 811 3392 aperiendi
835 3305 959 3374 eaelum
979 3285 1203 3385 metaphorioe
1216 3293 1270 3367 di·

243 3396 330 3463 eitur
351 3397 462 3475 olavis,
485 3417 559 3482 quae
583 3396 617 3464 in
641 3397 801 3465 Trinitate
822 3401 871 3463 esi
900 3392 1001 3462 clavis
1035 3389 1265 3471 auetoritatis;

244 3484 279 3551 ln
304 3487 429 3554 Christo
452 3488 586 3560 homine
608 3493 656 3554 est
679 3490 779 3556 clavis
803 3485 1009 3553 exoellenllae
1034 3501 1092 3566 per
1110 3479 1268 3547 meritum

242 3576 414 3660 passionis5
437 3575 472 3642 in
496 3575 634 3642 Ecclesia
658 3582 707 3642 est
736 3575 839 3644 clavis
873 3571 1049 3642 ministerii
1078 3589 1120 3638 ex
1153 3567 1267 3636 divina

243 3663 385 3730 virtute.
