<?xml version="1.0" encoding="UTF-8"?>
<!DOCTYPE html PUBLIC "-//W3C//DTD XHTML 1.0 Transitional//EN"
    "http://www.w3.org/TR/xhtml1/DTD/xhtml1-transitional.dtd">
<html xmlns="http://www.w3.org/1999/xhtml" xml:lang="en" lang="en">
 <head>
  <title>
</title>
<meta http-equiv="Content-Type" content="text/html;charset=utf-8" />
  <meta name='ocr-system' content='tesseract 3.04.00' />
  <meta name='ocr-capabilities' content='ocr_page ocr_carea ocr_par ocr_line ocrx_word'/>
</head>
<body>
  <div class='ocr_page' id='page_1' title='image "./theologicsummco00thomgoog_0458.png"; bbox 0 0 2614 4190; ppageno 0'>
   <div class='ocr_carea' id='block_1_1' title="bbox 441 97 1029 173">
    <p class='ocr_par' dir='ltr' id='par_1_1' title="bbox 441 97 1029 173">
     <span class='ocr_line' id='line_1_1' title="bbox 441 97 1029 173; baseline 0.005 -4"><span class='ocrx_word' id='word_1_1' title='bbox 441 109 480 170; x_wconf 83' lang='lat' dir='ltr'><strong>br</strong></span> <span class='ocrx_word' id='word_1_2' title='bbox 504 106 650 171; x_wconf 74' lang='lat' dir='ltr'><strong>unonm&#39;.</strong></span> <span class='ocrx_word' id='word_1_3' title='bbox 948 97 1029 173; x_wconf 80' lang='lat' dir='ltr'><strong>lll-</strong></span> 
     </span>
    </p>
   </div>
   <div class='ocr_carea' id='block_1_2' title="bbox 1 236 1063 685">
    <p class='ocr_par' dir='ltr' id='par_1_2' title="bbox 1 236 1063 685">
     <span class='ocr_line' id='line_1_2' title="bbox 6 236 1063 322; baseline 0.003 -19"><span class='ocrx_word' id='word_1_4' title='bbox 6 236 175 305; x_wconf 87' lang='lat' dir='ltr'><strong>divinae</strong></span> <span class='ocrx_word' id='word_1_5' title='bbox 197 241 247 304; x_wconf 81' lang='lat' dir='ltr'><strong>est</strong></span> <span class='ocrx_word' id='word_1_6' title='bbox 268 256 368 322; x_wconf 90' lang='lat' dir='ltr'><strong>supra</strong></span> <span class='ocrx_word' id='word_1_7' title='bbox 390 255 525 303; x_wconf 90' lang='lat' dir='ltr'><strong>omnem</strong></span> <span class='ocrx_word' id='word_1_8' title='bbox 546 236 765 304; x_wconf 72' lang='lat' dir='ltr'><strong>substantiam</strong></span> <span class='ocrx_word' id='word_1_9' title='bbox 787 236 1004 322; x_wconf 88' lang='lat' dir='ltr'><strong>spiritualem,</strong></span> <span class='ocrx_word' id='word_1_10' title='bbox 1028 243 1063 306; x_wconf 87' lang='lat' dir='ltr'><strong>et</strong></span> 
     </span>
     <span class='ocr_line' id='line_1_3' title="bbox 5 325 1058 412; baseline 0.003 -20"><span class='ocrx_word' id='word_1_11' title='bbox 5 327 85 392; x_wconf 82' lang='lat' dir='ltr'><strong>sic</strong></span> <span class='ocrx_word' id='word_1_12' title='bbox 107 328 252 395; x_wconf 86' lang='lat' dir='ltr'><strong>debetur</strong></span> <span class='ocrx_word' id='word_1_13' title='bbox 266 328 297 394; x_wconf 91' lang='lat' dir='ltr'><strong>ei</strong></span> <span class='ocrx_word' id='word_1_14' title='bbox 308 325 441 412; x_wconf 77' lang='lat' dir='ltr'>dignior</span> <span class='ocrx_word' id='word_1_15' title='bbox 456 328 560 406; x_wconf 80' lang='lat' dir='ltr'><strong>loeus3</strong></span> <span class='ocrx_word' id='word_1_16' title='bbox 577 327 654 393; x_wconf 86' lang='lat' dir='ltr'><strong>lieet</strong></span> <span class='ocrx_word' id='word_1_17' title='bbox 669 327 732 394; x_wconf 90' lang='lat' dir='ltr'><strong>alia</strong></span> <span class='ocrx_word' id='word_1_18' title='bbox 747 327 874 395; x_wconf 90' lang='lat' dir='ltr'><strong>ratione</strong></span> <span class='ocrx_word' id='word_1_19' title='bbox 889 328 1058 396; x_wconf 78' lang='lat' dir='ltr'><strong>tribuatur</strong></span> 
     </span>
     <span class='ocr_line' id='line_1_4' title="bbox 6 416 1061 502; baseline 0.003 -21"><span class='ocrx_word' id='word_1_20' title='bbox 6 417 127 484; x_wconf 82' lang='lat' dir='ltr'><strong>loeus</strong></span> <span class='ocrx_word' id='word_1_21' title='bbox 151 417 352 485; x_wconf 86' lang='lat' dir='ltr'><strong>substantiae</strong></span> <span class='ocrx_word' id='word_1_22' title='bbox 374 416 547 500; x_wconf 80' lang='lat' dir='ltr'><strong>spirituali,</strong></span> <span class='ocrx_word' id='word_1_23' title='bbox 570 419 603 482; x_wconf 84' lang='grc' dir='ltr'>ει</span> <span class='ocrx_word' id='word_1_24' title='bbox 626 417 800 502; x_wconf 79' lang='lat' dir='ltr'><strong>corporali,</strong></span> <span class='ocrx_word' id='word_1_25' title='bbox 823 423 934 486; x_wconf 87' lang='lat' dir='ltr'><strong>tamen</strong></span> <span class='ocrx_word' id='word_1_26' title='bbox 958 419 1061 486; x_wconf 89' lang='lat' dir='ltr'><strong>idest</strong></span> 
     </span>
     <span class='ocr_line' id='line_1_5' title="bbox 9 506 1060 592; baseline 0.006 -20"><span class='ocrx_word' id='word_1_27' title='bbox 9 506 175 591; x_wconf 85' lang='lat' dir='ltr'><strong>utrique</strong></span> <span class='ocrx_word' id='word_1_28' title='bbox 198 526 385 587; x_wconf 81' lang='lat' dir='ltr'><strong>commune,</strong></span> <span class='ocrx_word' id='word_1_29' title='bbox 402 509 439 572; x_wconf 94' lang='lat' dir='ltr'><strong>ut</strong></span> <span class='ocrx_word' id='word_1_30' title='bbox 453 506 599 592; x_wconf 80' lang='lat' dir='ltr'><strong>digniori</strong></span> <span class='ocrx_word' id='word_1_31' title='bbox 608 507 760 592; x_wconf 87' lang='lat' dir='ltr'><strong>superior</strong></span> <span class='ocrx_word' id='word_1_32' title='bbox 775 507 942 576; x_wconf 84' lang='lat' dir='ltr'><strong>tribuatur</strong></span> <span class='ocrx_word' id='word_1_33' title='bbox 958 509 1060 578; x_wconf 86' lang='lat' dir='ltr'><strong>loeus.</strong></span> 
     </span>
     <span class='ocr_line' id='line_1_6' title="bbox 1 593 1056 685; baseline 0.004 -21"><span class='ocrx_word' id='word_1_34' title='bbox 1 593 82 666; x_wconf 84' lang='lat' dir='ltr'><strong>lrt.</strong></span> <span class='ocrx_word' id='word_1_35' title='bbox 107 596 142 664; x_wconf 90' lang='lat'><strong>6.</strong></span> <span class='ocrx_word' id='word_1_36' title='bbox 165 594 216 664; x_wconf 80' lang='lat' dir='ltr'><strong>Ao</strong></span> <span class='ocrx_word' id='word_1_37' title='bbox 239 599 371 664; x_wconf 63' lang='lat' dir='ltr'><strong>mosano</strong></span> <span class='ocrx_word' id='word_1_38' title='bbox 397 597 514 664; x_wconf 71' lang='lat' dir='ltr'><strong>Christi</strong></span> <span class='ocrx_word' id='word_1_39' title='bbox 534 599 579 664; x_wconf 82' lang='lat' dir='ltr'><strong>sit</strong></span> <span class='ocrx_word' id='word_1_40' title='bbox 604 615 693 666; x_wconf 81' lang='lat' dir='ltr'><strong>causo</strong></span> <span class='ocrx_word' id='word_1_41' title='bbox 723 604 844 666; x_wconf 80' lang='lat' dir='ltr'><strong>nostroe</strong></span> <span class='ocrx_word' id='word_1_42' title='bbox 867 599 987 667; x_wconf 78' lang='lat' dir='ltr'><strong>solutis.</strong></span> <span class='ocrx_word' id='word_1_43' title='bbox 1020 601 1056 685; x_wconf 69' lang='grc' dir='ltr'>ιι.</span> 
     </span>
    </p>
   </div>
   <div class='ocr_carea' id='block_1_3' title="bbox 8 686 1059 1313">
    <p class='ocr_par' dir='ltr' id='par_1_3' title="bbox 8 686 1059 935">
     <span class='ocr_line' id='line_1_7' title="bbox 11 686 1059 773; baseline 0.004 -21"><span class='ocrx_word' id='word_1_44' title='bbox 11 686 102 765; x_wconf 89' lang='lat' dir='ltr'><strong>Sie,</strong></span> <span class='ocrx_word' id='word_1_45' title='bbox 126 690 201 754; x_wconf 86' lang='lat' dir='ltr'><strong>tum</strong></span> <span class='ocrx_word' id='word_1_46' title='bbox 223 688 301 772; x_wconf 90' lang='lat' dir='ltr'><strong>quia</strong></span> <span class='ocrx_word' id='word_1_47' title='bbox 322 690 462 772; x_wconf 77' lang='lat' dir='ltr'><strong>augetur</strong></span> <span class='ocrx_word' id='word_1_48' title='bbox 484 686 520 753; x_wconf 92' lang='lat' dir='ltr'><strong>in</strong></span> <span class='ocrx_word' id='word_1_49' title='bbox 536 687 631 754; x_wconf 92' lang='lat' dir='ltr'><strong>nobis</strong></span> <span class='ocrx_word' id='word_1_50' title='bbox 646 689 737 767; x_wconf 84' lang='lat' dir='ltr'><strong>fides,</strong></span> <span class='ocrx_word' id='word_1_51' title='bbox 751 707 834 773; x_wconf 86' lang='lat' dir='ltr'><strong>spes,</strong></span> <span class='ocrx_word' id='word_1_52' title='bbox 850 691 885 755; x_wconf 89' lang='lat' dir='ltr'><strong>et</strong></span> <span class='ocrx_word' id='word_1_53' title='bbox 899 688 1059 768; x_wconf 60' lang='lat' dir='ltr'><strong>chariton</strong></span> 
     </span>
     <span class='ocr_line' id='line_1_8' title="bbox 8 775 1059 864; baseline 0.005 -23"><span class='ocrx_word' id='word_1_54' title='bbox 8 779 110 842; x_wconf 78' lang='lat' dir='ltr'><strong>tum</strong></span> <span class='ocrx_word' id='word_1_55' title='bbox 134 776 214 862; x_wconf 90' lang='lat' dir='ltr'><strong>quia</strong></span> <span class='ocrx_word' id='word_1_56' title='bbox 237 777 366 862; x_wconf 86' lang='lat' dir='ltr'><strong>paravit</strong></span> <span class='ocrx_word' id='word_1_57' title='bbox 389 775 483 845; x_wconf 90' lang='lat' dir='ltr'><strong>nobis</strong></span> <span class='ocrx_word' id='word_1_58' title='bbox 511 777 601 844; x_wconf 89' lang='lat' dir='ltr'><strong>viam</strong></span> <span class='ocrx_word' id='word_1_59' title='bbox 635 778 851 861; x_wconf 80' lang='lat' dir='ltr'><strong>aseendendi3</strong></span> <span class='ocrx_word' id='word_1_60' title='bbox 879 781 952 846; x_wconf 89' lang='lat' dir='ltr'><strong>tum</strong></span> <span class='ocrx_word' id='word_1_61' title='bbox 980 778 1059 864; x_wconf 91' lang='lat' dir='ltr'><strong>quia</strong></span> 
     </span>
     <span class='ocr_line' id='line_1_9' title="bbox 12 865 370 935; baseline 0.006 -5"><span class='ocrx_word' id='word_1_62' title='bbox 12 865 119 932; x_wconf 89' lang='lat' dir='ltr'><strong>inde</strong></span> <span class='ocrx_word' id='word_1_63' title='bbox 143 867 247 932; x_wconf 89' lang='lat' dir='ltr'><strong>mittit</strong></span> <span class='ocrx_word' id='word_1_64' title='bbox 269 869 370 935; x_wconf 88' lang='lat' dir='ltr'><strong>dona.</strong></span> 
     </span>
    </p>

    <p class='ocr_par' dir='ltr' id='par_1_4' title="bbox 8 953 1058 1313">
     <span class='ocr_line' id='line_1_10' title="bbox 10 953 1058 1042; baseline 0.005 -20"><span class='ocrx_word' id='word_1_65' title='bbox 10 953 33 982; x_wconf 89' lang='lat'><strong>*</strong></span> <span class='ocrx_word' id='word_1_66' title='bbox 65 955 130 1022; x_wconf 78' lang='lat' dir='ltr'><strong>Est</strong></span> <span class='ocrx_word' id='word_1_67' title='bbox 152 974 250 1024; x_wconf 86' lang='lat' dir='ltr'><strong>eausa</strong></span> <span class='ocrx_word' id='word_1_68' title='bbox 272 976 341 1025; x_wconf 92' lang='lat' dir='ltr'><strong>uon</strong></span> <span class='ocrx_word' id='word_1_69' title='bbox 365 976 425 1042; x_wconf 89' lang='lat' dir='ltr'><strong>per</strong></span> <span class='ocrx_word' id='word_1_70' title='bbox 447 957 584 1026; x_wconf 91' lang='lat' dir='ltr'><strong>modum</strong></span> <span class='ocrx_word' id='word_1_71' title='bbox 607 957 727 1039; x_wconf 90' lang='lat' dir='ltr'><strong>meriti,</strong></span> <span class='ocrx_word' id='word_1_72' title='bbox 756 960 816 1027; x_wconf 85' lang='lat' dir='ltr'><strong>sed</strong></span> <span class='ocrx_word' id='word_1_73' title='bbox 843 957 1058 1041; x_wconf 76' lang='lat' dir='ltr'><strong>efficientiae,</strong></span> 
     </span>
     <span class='ocr_line' id='line_1_11' title="bbox 11 1045 1057 1134; baseline 0.005 -22"><span class='ocrx_word' id='word_1_74' title='bbox 11 1048 67 1112; x_wconf 84' lang='lat' dir='ltr'><strong>ut</strong></span> <span class='ocrx_word' id='word_1_75' title='bbox 94 1045 169 1112; x_wconf 80' lang='lat' dir='ltr'><strong>dixi</strong></span> <span class='ocrx_word' id='word_1_76' title='bbox 197 1049 240 1114; x_wconf 86' lang='lat' dir='ltr'><strong>de</strong></span> <span class='ocrx_word' id='word_1_77' title='bbox 274 1045 527 1116; x_wconf 76' lang='lat' dir='ltr'><strong>resurreetione.</strong></span> <span class='ocrx_word' id='word_1_78' title='bbox 555 1048 637 1116; x_wconf 87' lang='lat' dir='ltr'><strong>ltem</strong></span> <span class='ocrx_word' id='word_1_79' title='bbox 673 1047 895 1134; x_wconf 82' lang='lat' dir='ltr'><strong>apparitiones</strong></span> <span class='ocrx_word' id='word_1_80' title='bbox 932 1049 1057 1116; x_wconf 86' lang='lat' dir='ltr'><strong>deinde</strong></span> 
     </span>
     <span class='ocr_line' id='line_1_12' title="bbox 8 1136 1054 1225; baseline 0.006 -27"><span class='ocrx_word' id='word_1_81' title='bbox 8 1136 142 1202; x_wconf 75' lang='lat' dir='ltr'><strong>saetae</strong></span> <span class='ocrx_word' id='word_1_82' title='bbox 164 1156 234 1204; x_wconf 92' lang='lat' dir='ltr'><strong>non</strong></span> <span class='ocrx_word' id='word_1_83' title='bbox 257 1138 378 1205; x_wconf 88' lang='lat' dir='ltr'><strong>tollunt</strong></span> <span class='ocrx_word' id='word_1_84' title='bbox 401 1138 451 1206; x_wconf 91' lang='lat' dir='ltr'><strong>ius</strong></span> <span class='ocrx_word' id='word_1_85' title='bbox 473 1139 563 1224; x_wconf 85' lang='lat' dir='ltr'><strong>quod</strong></span> <span class='ocrx_word' id='word_1_86' title='bbox 584 1139 670 1221; x_wconf 89' lang='lat' dir='ltr'><strong>sibi,</strong></span> <span class='ocrx_word' id='word_1_87' title='bbox 693 1143 727 1207; x_wconf 88' lang='lat' dir='ltr'><strong>et</strong></span> <span class='ocrx_word' id='word_1_88' title='bbox 755 1139 850 1208; x_wconf 90' lang='lat' dir='ltr'><strong>nobis</strong></span> <span class='ocrx_word' id='word_1_89' title='bbox 879 1137 1054 1225; x_wconf 85' lang='lat' dir='ltr'><strong>aequisivit</strong></span> 
     </span>
     <span class='ocr_line' id='line_1_13' title="bbox 15 1227 963 1313; baseline 0.007 -23"><span class='ocrx_word' id='word_1_90' title='bbox 15 1227 200 1294; x_wconf 85' lang='lat' dir='ltr'><strong>manendi</strong></span> <span class='ocrx_word' id='word_1_91' title='bbox 224 1231 385 1313; x_wconf 86' lang='lat' dir='ltr'><strong>perpetuo</strong></span> <span class='ocrx_word' id='word_1_92' title='bbox 408 1227 444 1295; x_wconf 91' lang='lat' dir='ltr'><strong>in</strong></span> <span class='ocrx_word' id='word_1_93' title='bbox 468 1229 568 1296; x_wconf 88' lang='lat' dir='ltr'><strong>eoelo.</strong></span> <span class='ocrx_word' id='word_1_94' title='bbox 960 1241 963 1248; x_wconf 88' lang='grc'><em>·</em></span> 
     </span>
    </p>
   </div>
   <div class='ocr_carea' id='block_1_4' title="bbox 412 1405 713 1496">
    <p class='ocr_par' dir='ltr' id='par_1_5' title="bbox 412 1405 713 1496">
     <span class='ocr_line' id='line_1_14' title="bbox 412 1405 713 1496; baseline -0.003 -18"><span class='ocrx_word' id='word_1_95' title='bbox 412 1405 592 1496; x_wconf 82' lang='lat' dir='ltr'><strong>Qunsno</strong></span> <span class='ocrx_word' id='word_1_96' title='bbox 616 1407 713 1481; x_wconf 81' lang='lat' dir='ltr'><strong>nuru.</strong></span> 
     </span>
    </p>
   </div>
   <div class='ocr_carea' id='block_1_5' title="bbox 157 1589 913 1756">
    <p class='ocr_par' dir='ltr' id='par_1_6' title="bbox 157 1589 913 1756">
     <span class='ocr_line' id='line_1_15' title="bbox 157 1589 913 1663; baseline 0.001 -5"><span class='ocrx_word' id='word_1_97' title='bbox 157 1589 250 1659; x_wconf 79' lang='lat' dir='ltr'><strong>De</strong></span> <span class='ocrx_word' id='word_1_98' title='bbox 275 1595 553 1661; x_wconf 77' lang='lat' dir='ltr'><strong>sessione</strong></span> <span class='ocrx_word' id='word_1_99' title='bbox 575 1594 814 1663; x_wconf 76' lang='lat' dir='ltr'><strong>Ohrlsti</strong></span> <span class='ocrx_word' id='word_1_100' title='bbox 836 1590 913 1660; x_wconf 83' lang='lat' dir='ltr'><strong>ad</strong></span> 
     </span>
     <span class='ocr_line' id='line_1_16' title="bbox 251 1681 819 1756; baseline -0.004 -6"><span class='ocrx_word' id='word_1_101' title='bbox 251 1681 571 1752; x_wconf 80' lang='lat' dir='ltr'><strong>dexteram</strong></span> <span class='ocrx_word' id='word_1_102' title='bbox 594 1686 819 1756; x_wconf 78' lang='lat' dir='ltr'><strong>Patris.</strong></span> 
     </span>
    </p>
   </div>
   <div class='ocr_carea' id='block_1_6' title="bbox 1 1857 1120 3660">
    <p class='ocr_par' dir='ltr' id='par_1_7' title="bbox 1 1857 1055 2129">
     <span class='ocr_line' id='line_1_17' title="bbox 1 1857 1055 1934; baseline 0 -7"><span class='ocrx_word' id='word_1_103' title='bbox 1 1857 71 1929; x_wconf 74' lang='lat' dir='ltr'><strong>Art.</strong></span> <span class='ocrx_word' id='word_1_104' title='bbox 101 1859 137 1929; x_wconf 88' lang='lat' dir='ltr'><strong>l.</strong></span> <span class='ocrx_word' id='word_1_105' title='bbox 159 1859 211 1929; x_wconf 81' lang='lat' dir='ltr'><strong>Aa</strong></span> <span class='ocrx_word' id='word_1_106' title='bbox 229 1862 350 1932; x_wconf 75' lang='lat' dir='ltr'><strong>Christo</strong></span> <span class='ocrx_word' id='word_1_107' title='bbox 376 1867 537 1933; x_wconf 82' lang='lat' dir='ltr'><strong>oooooolat</strong></span> <span class='ocrx_word' id='word_1_108' title='bbox 560 1865 660 1934; x_wconf 75' lang='lat' dir='ltr'><strong>reum</strong></span> <span class='ocrx_word' id='word_1_109' title='bbox 692 1864 732 1934; x_wconf 81' lang='lat' dir='ltr'><strong>od</strong></span> <span class='ocrx_word' id='word_1_110' title='bbox 758 1863 911 1932; x_wconf 71' lang='lat' dir='ltr'><strong>cimbrum</strong></span> <span class='ocrx_word' id='word_1_111' title='bbox 938 1862 1055 1929; x_wconf 80' lang='lat' dir='ltr'><strong>Patris.</strong></span> 
     </span>
     <span class='ocr_line' id='line_1_18' title="bbox 20 1952 1055 2041; baseline -0.003 -21"><span class='ocrx_word' id='word_1_112' title='bbox 20 1954 61 2036; x_wconf 69' lang='lat' dir='ltr'><strong>ri.</strong></span> <span class='ocrx_word' id='word_1_113' title='bbox 89 1952 200 2020; x_wconf 79' lang='lat' dir='ltr'><strong>Sessio</strong></span> <span class='ocrx_word' id='word_1_114' title='bbox 221 1953 393 2039; x_wconf 80' lang='lat' dir='ltr'><strong>signifieat,</strong></span> <span class='ocrx_word' id='word_1_115' title='bbox 418 1957 469 2022; x_wconf 89' lang='lat' dir='ltr'><strong>vel</strong></span> <span class='ocrx_word' id='word_1_116' title='bbox 493 1954 648 2041; x_wconf 85' lang='lat' dir='ltr'><strong>quietem,</strong></span> <span class='ocrx_word' id='word_1_117' title='bbox 671 1958 725 2023; x_wconf 90' lang='lat' dir='ltr'><strong>vel</strong></span> <span class='ocrx_word' id='word_1_118' title='bbox 749 1958 941 2041; x_wconf 87' lang='lat' dir='ltr'><strong>potestatem</strong></span> <span class='ocrx_word' id='word_1_119' title='bbox 965 1953 1055 2019; x_wconf 89' lang='lat' dir='ltr'><strong>iudi·</strong></span> 
     </span>
     <span class='ocr_line' id='line_1_19' title="bbox 19 2043 864 2129; baseline 0.004 -22"><span class='ocrx_word' id='word_1_120' title='bbox 19 2043 182 2123; x_wconf 86' lang='lat' dir='ltr'><strong>elariam,</strong></span> <span class='ocrx_word' id='word_1_121' title='bbox 204 2048 238 2109; x_wconf 87' lang='lat' dir='ltr'><strong>et</strong></span> <span class='ocrx_word' id='word_1_122' title='bbox 260 2049 401 2129; x_wconf 88' lang='lat' dir='ltr'><strong>utroque</strong></span> <span class='ocrx_word' id='word_1_123' title='bbox 424 2047 521 2112; x_wconf 91' lang='lat' dir='ltr'><strong>modo</strong></span> <span class='ocrx_word' id='word_1_124' title='bbox 544 2047 702 2113; x_wconf 87' lang='lat' dir='ltr'><strong>eonvenit</strong></span> <span class='ocrx_word' id='word_1_125' title='bbox 725 2045 864 2113; x_wconf 83' lang='lat' dir='ltr'><strong>Christo.</strong></span> 
     </span>
    </p>

    <p class='ocr_par' dir='ltr' id='par_1_8' title="bbox 18 2131 1054 2483">
     <span class='ocr_line' id='line_1_20' title="bbox 18 2131 1054 2220; baseline 0.001 -22"><span class='ocrx_word' id='word_1_126' title='bbox 18 2131 32 2155; x_wconf 77' lang='lat'>¹</span> <span class='ocrx_word' id='word_1_127' title='bbox 56 2133 211 2199; x_wconf 83' lang='lat' dir='ltr'><strong>Dextera</strong></span> <span class='ocrx_word' id='word_1_128' title='bbox 234 2133 268 2200; x_wconf 93' lang='lat' dir='ltr'><strong>in</strong></span> <span class='ocrx_word' id='word_1_129' title='bbox 292 2134 359 2201; x_wconf 86' lang='lat' dir='ltr'><strong>Deo</strong></span> <span class='ocrx_word' id='word_1_130' title='bbox 383 2155 451 2203; x_wconf 95' lang='lat' dir='ltr'><strong>non</strong></span> <span class='ocrx_word' id='word_1_131' title='bbox 474 2135 556 2202; x_wconf 81' lang='lat' dir='ltr'><strong>dicit</strong></span> <span class='ocrx_word' id='word_1_132' title='bbox 578 2137 800 2204; x_wconf 79' lang='lat' dir='ltr'><strong>differentiam</strong></span> <span class='ocrx_word' id='word_1_133' title='bbox 823 2133 1004 2220; x_wconf 87' lang='lat' dir='ltr'><strong>positionis,</strong></span> <span class='ocrx_word' id='word_1_134' title='bbox 1022 2136 1054 2199; x_wconf 89' lang='grc' dir='ltr'>ει</span> 
     </span>
     <span class='ocr_line' id='line_1_21' title="bbox 23 2221 1052 2306; baseline -0.001 -18"><span class='ocrx_word' id='word_1_135' title='bbox 23 2221 75 2289; x_wconf 87' lang='lat' dir='ltr'><strong>sio</strong></span> <span class='ocrx_word' id='word_1_136' title='bbox 94 2223 197 2289; x_wconf 83' lang='lat' dir='ltr'><strong>Pater</strong></span> <span class='ocrx_word' id='word_1_137' title='bbox 212 2242 280 2292; x_wconf 92' lang='lat' dir='ltr'><strong>non</strong></span> <span class='ocrx_word' id='word_1_138' title='bbox 294 2226 387 2291; x_wconf 85' lang='lat' dir='ltr'><strong>sedet</strong></span> <span class='ocrx_word' id='word_1_139' title='bbox 400 2227 443 2293; x_wconf 90' lang='lat' dir='ltr'><strong>ad</strong></span> <span class='ocrx_word' id='word_1_140' title='bbox 460 2225 637 2306; x_wconf 90' lang='lat' dir='ltr'><strong>sinistram,</strong></span> <span class='ocrx_word' id='word_1_141' title='bbox 652 2228 710 2293; x_wconf 86' lang='lat' dir='ltr'><strong>sed</strong></span> <span class='ocrx_word' id='word_1_142' title='bbox 725 2225 833 2292; x_wconf 90' lang='lat' dir='ltr'><strong>omnis</strong></span> <span class='ocrx_word' id='word_1_143' title='bbox 844 2230 892 2291; x_wconf 87' lang='lat' dir='ltr'><strong>est</strong></span> <span class='ocrx_word' id='word_1_144' title='bbox 904 2225 1052 2302; x_wconf 80' lang='lat' dir='ltr'><strong>dextera,</strong></span> 
     </span>
     <span class='ocr_line' id='line_1_22' title="bbox 24 2311 1053 2401; baseline -0.001 -23"><span class='ocrx_word' id='word_1_145' title='bbox 24 2312 89 2379; x_wconf 95' lang='lat' dir='ltr'><strong>ubi</strong></span> <span class='ocrx_word' id='word_1_146' title='bbox 126 2314 217 2380; x_wconf 90' lang='lat' dir='ltr'><strong>nulla</strong></span> <span class='ocrx_word' id='word_1_147' title='bbox 248 2319 297 2380; x_wconf 89' lang='lat' dir='ltr'><strong>est</strong></span> <span class='ocrx_word' id='word_1_148' title='bbox 330 2315 472 2382; x_wconf 90' lang='lat' dir='ltr'><strong>miseria.</strong></span> <span class='ocrx_word' id='word_1_149' title='bbox 507 2314 588 2381; x_wconf 88' lang='lat' dir='ltr'><strong>ltem</strong></span> <span class='ocrx_word' id='word_1_150' title='bbox 617 2315 801 2401; x_wconf 86' lang='lat' dir='ltr'><strong>Stephanus</strong></span> <span class='ocrx_word' id='word_1_151' title='bbox 830 2313 916 2381; x_wconf 90' lang='lat' dir='ltr'><strong>vidit</strong></span> <span class='ocrx_word' id='word_1_152' title='bbox 946 2311 1053 2379; x_wconf 84' lang='lat' dir='ltr'><strong>losum</strong></span> 
     </span>
     <span class='ocr_line' id='line_1_23' title="bbox 24 2403 594 2483; baseline 0.004 -15"><span class='ocrx_word' id='word_1_153' title='bbox 24 2407 190 2483; x_wconf 83' lang='lat' dir='ltr'><strong>stantem,</strong></span> <span class='ocrx_word' id='word_1_154' title='bbox 214 2403 299 2470; x_wconf 86' lang='lat' dir='ltr'><strong>idest</strong></span> <span class='ocrx_word' id='word_1_155' title='bbox 320 2404 357 2472; x_wconf 95' lang='lat' dir='ltr'><strong>iu</strong></span> <span class='ocrx_word' id='word_1_156' title='bbox 381 2405 594 2472; x_wconf 90' lang='lat' dir='ltr'><strong>adiutorium.</strong></span> 
     </span>
    </p>

    <p class='ocr_par' dir='ltr' id='par_1_9' title="bbox 3 2489 1089 3032">
     <span class='ocr_line' id='line_1_24' title="bbox 3 2489 1069 2582; baseline -0.002 -22"><span class='ocrx_word' id='word_1_157' title='bbox 3 2489 72 2560; x_wconf 82' lang='lat' dir='ltr'><strong>Art.</strong></span> <span class='ocrx_word' id='word_1_158' title='bbox 101 2493 135 2560; x_wconf 76' lang='lat'><strong>2.</strong></span> <span class='ocrx_word' id='word_1_159' title='bbox 159 2491 210 2560; x_wconf 79' lang='lat' dir='ltr'><strong>Aa</strong></span> <span class='ocrx_word' id='word_1_160' title='bbox 231 2494 330 2562; x_wconf 78' lang='lat' dir='ltr'><strong>sedare</strong></span> <span class='ocrx_word' id='word_1_161' title='bbox 351 2494 390 2561; x_wconf 78' lang='lat' dir='ltr'><strong>ad</strong></span> <span class='ocrx_word' id='word_1_162' title='bbox 409 2496 563 2563; x_wconf 66' lang='lat' dir='ltr'><strong>metram</strong></span> <span class='ocrx_word' id='word_1_163' title='bbox 597 2497 701 2564; x_wconf 81' lang='lat' dir='ltr'><strong>Patris</strong></span> <span class='ocrx_word' id='word_1_164' title='bbox 734 2496 895 2564; x_wconf 80' lang='lat' dir='ltr'><strong>conveniat</strong></span> <span class='ocrx_word' id='word_1_165' title='bbox 929 2492 1069 2582; x_wconf 70' lang='lat' dir='ltr'><strong>Christo</strong></span> 
     </span>
     <span class='ocr_line' id='line_1_25' title="bbox 24 2583 1080 2671; baseline -0.007 -19"><span class='ocrx_word' id='word_1_166' title='bbox 24 2583 195 2652; x_wconf 66' lang='lat' dir='ltr'><strong>modom</strong></span> <span class='ocrx_word' id='word_1_167' title='bbox 217 2584 295 2668; x_wconf 75' lang='lat' dir='ltr'><strong>qaod</strong></span> <span class='ocrx_word' id='word_1_168' title='bbox 315 2585 407 2654; x_wconf 80' lang='lat' dir='ltr'><strong>Deos.</strong></span> <span class='ocrx_word' id='word_1_169' title='bbox 432 2588 467 2671; x_wconf 69' lang='grc' dir='ltr'>ιι.</span> <span class='ocrx_word' id='word_1_170' title='bbox 490 2586 552 2666; x_wconf 87' lang='lat' dir='ltr'><strong>Sio,</strong></span> <span class='ocrx_word' id='word_1_171' title='bbox 575 2587 653 2671; x_wconf 90' lang='lat' dir='ltr'><strong>quia</strong></span> <span class='ocrx_word' id='word_1_172' title='bbox 666 2588 782 2653; x_wconf 88' lang='lat' dir='ltr'><strong>sedere</strong></span> <span class='ocrx_word' id='word_1_173' title='bbox 796 2591 844 2653; x_wconf 88' lang='lat' dir='ltr'><strong>est</strong></span> <span class='ocrx_word' id='word_1_174' title='bbox 859 2583 956 2652; x_wconf 88' lang='lat' dir='ltr'><strong>simul</strong></span> <span class='ocrx_word' id='word_1_175' title='bbox 971 2588 1080 2666; x_wconf 38' lang='lat' dir='ltr'><strong>oum,</strong></span> 
     </span>
     <span class='ocr_line' id='line_1_26' title="bbox 22 2653 1089 2760; baseline -0.002 -21"><span class='ocrx_word' id='word_1_176' title='bbox 22 2671 128 2740; x_wconf 87' lang='lat' dir='ltr'><strong>Patre</strong></span> <span class='ocrx_word' id='word_1_177' title='bbox 151 2675 273 2741; x_wconf 87' lang='lat' dir='ltr'><strong>habere</strong></span> <span class='ocrx_word' id='word_1_178' title='bbox 295 2676 433 2760; x_wconf 81' lang='lat' dir='ltr'><strong>gloriam</strong></span> <span class='ocrx_word' id='word_1_179' title='bbox 455 2675 647 2756; x_wconf 87' lang='lat' dir='ltr'><strong>divinitatis,</strong></span> <span class='ocrx_word' id='word_1_180' title='bbox 672 2678 723 2744; x_wconf 88' lang='lat' dir='ltr'><strong>vel</strong></span> <span class='ocrx_word' id='word_1_181' title='bbox 748 2672 972 2752; x_wconf 88' lang='lat' dir='ltr'><strong>beatitudinis,</strong></span> <span class='ocrx_word' id='word_1_182' title='bbox 996 2653 1063 2738; x_wconf 66' lang='lat' dir='ltr'><strong>vef</strong></span> <span class='ocrx_word' id='word_1_183' title='bbox 1074 2673 1089 2692; x_wconf 86' lang='lat'><strong>&#39;&#39;</strong></span> 
     </span>
     <span class='ocr_line' id='line_1_27' title="bbox 25 2762 1054 2851; baseline 0.002 -24"><span class='ocrx_word' id='word_1_184' title='bbox 25 2762 239 2831; x_wconf 81' lang='lat' dir='ltr'><strong>iudiciariam</strong></span> <span class='ocrx_word' id='word_1_185' title='bbox 252 2770 455 2850; x_wconf 84' lang='lat' dir='ltr'><strong>potestatem,</strong></span> <span class='ocrx_word' id='word_1_186' title='bbox 467 2769 501 2832; x_wconf 90' lang='grc' dir='ltr'>ει</span> <span class='ocrx_word' id='word_1_187' title='bbox 508 2767 686 2851; x_wconf 91' lang='lat' dir='ltr'><strong>propositio</strong></span> <span class='ocrx_word' id='word_1_188' title='bbox 699 2766 872 2833; x_wconf 89' lang='lat' dir='ltr'><strong>transitiva</strong></span> <span class='ocrx_word' id='word_1_189' title='bbox 887 2764 930 2831; x_wconf 91' lang='lat' dir='ltr'><strong>ad</strong></span> <span class='ocrx_word' id='word_1_190' title='bbox 948 2763 1054 2829; x_wconf 92' lang='lat' dir='ltr'><strong>solam</strong></span> 
     </span>
     <span class='ocr_line' id='line_1_28' title="bbox 25 2852 1052 2942; baseline 0.001 -25"><span class='ocrx_word' id='word_1_191' title='bbox 25 2852 192 2940; x_wconf 88' lang='lat' dir='ltr'><strong>importat</strong></span> <span class='ocrx_word' id='word_1_192' title='bbox 214 2854 462 2922; x_wconf 88' lang='lat' dir='ltr'><strong>distinotionem</strong></span> <span class='ocrx_word' id='word_1_193' title='bbox 485 2858 713 2942; x_wconf 85' lang='lat' dir='ltr'><strong>personalem,</strong></span> <span class='ocrx_word' id='word_1_194' title='bbox 736 2859 769 2923; x_wconf 89' lang='lat' dir='ltr'><strong>et</strong></span> <span class='ocrx_word' id='word_1_195' title='bbox 791 2853 930 2941; x_wconf 79' lang='lat' dir='ltr'><strong>originis</strong></span> <span class='ocrx_word' id='word_1_196' title='bbox 937 2870 946 2932; x_wconf 87' lang='lat'>;</span> <span class='ocrx_word' id='word_1_197' title='bbox 983 2872 1052 2919; x_wconf 94' lang='lat' dir='ltr'><strong>non</strong></span> 
     </span>
     <span class='ocr_line' id='line_1_29' title="bbox 27 2941 1054 3032; baseline 0 -23"><span class='ocrx_word' id='word_1_198' title='bbox 27 2945 176 3026; x_wconf 75' lang='lat' dir='ltr'><strong>gradum</strong></span> <span class='ocrx_word' id='word_1_199' title='bbox 198 2949 338 3021; x_wconf 88' lang='lat' dir='ltr'><strong>naturae,</strong></span> <span class='ocrx_word' id='word_1_200' title='bbox 361 2948 414 3013; x_wconf 88' lang='lat' dir='ltr'><strong>vel</strong></span> <span class='ocrx_word' id='word_1_201' title='bbox 438 2945 616 3031; x_wconf 75' lang='lat' dir='ltr'><strong>dignitatis,</strong></span> <span class='ocrx_word' id='word_1_202' title='bbox 640 2947 783 3032; x_wconf 90' lang='lat' dir='ltr'><strong>quinon</strong></span> <span class='ocrx_word' id='word_1_203' title='bbox 800 2948 848 3011; x_wconf 87' lang='lat' dir='ltr'><strong>est</strong></span> <span class='ocrx_word' id='word_1_204' title='bbox 864 2945 898 3010; x_wconf 92' lang='lat' dir='ltr'><strong>in</strong></span> <span class='ocrx_word' id='word_1_205' title='bbox 915 2941 1054 3010; x_wconf 87' lang='lat' dir='ltr'><strong>divinis.</strong></span> 
     </span>
    </p>

    <p class='ocr_par' dir='ltr' id='par_1_10' title="bbox 26 3029 1120 3660">
     <span class='ocr_line' id='line_1_30' title="bbox 26 3029 1053 3121; baseline -0.003 -20"><span class='ocrx_word' id='word_1_206' title='bbox 26 3029 41 3060; x_wconf 92' lang='lat'><strong>*</strong></span> <span class='ocrx_word' id='word_1_207' title='bbox 62 3035 213 3101; x_wconf 84' lang='lat' dir='ltr'><strong>Dextera</strong></span> <span class='ocrx_word' id='word_1_208' title='bbox 234 3033 340 3102; x_wconf 89' lang='lat' dir='ltr'><strong>Patris</strong></span> <span class='ocrx_word' id='word_1_209' title='bbox 361 3039 412 3102; x_wconf 85' lang='lat' dir='ltr'><strong>est</strong></span> <span class='ocrx_word' id='word_1_210' title='bbox 433 3037 516 3121; x_wconf 89' lang='lat' dir='ltr'><strong>quid</strong></span> <span class='ocrx_word' id='word_1_211' title='bbox 537 3055 714 3103; x_wconf 83' lang='lat' dir='ltr'><strong>commune</strong></span> <span class='ocrx_word' id='word_1_212' title='bbox 749 3035 855 3101; x_wconf 90' lang='lat' dir='ltr'><strong>tribus</strong></span> <span class='ocrx_word' id='word_1_213' title='bbox 890 3032 1053 3118; x_wconf 87' lang='lat' dir='ltr'><strong>personis,</strong></span> 
     </span>
     <span class='ocr_line' id='line_1_31' title="bbox 27 3124 1120 3208; baseline -0.004 -18"><span class='ocrx_word' id='word_1_214' title='bbox 27 3127 83 3192; x_wconf 86' lang='lat' dir='ltr'><strong>sed</strong></span> <span class='ocrx_word' id='word_1_215' title='bbox 110 3124 346 3208; x_wconf 89' lang='lat' dir='ltr'><strong>appropriatur</strong></span> <span class='ocrx_word' id='word_1_216' title='bbox 369 3125 460 3194; x_wconf 84' lang='lat' dir='ltr'><strong>Filio.</strong></span> <span class='ocrx_word' id='word_1_217' title='bbox 484 3125 564 3193; x_wconf 87' lang='lat' dir='ltr'><strong>ltem</strong></span> <span class='ocrx_word' id='word_1_218' title='bbox 580 3125 727 3192; x_wconf 85' lang='lat' dir='ltr'><strong>Christus</strong></span> <span class='ocrx_word' id='word_1_219' title='bbox 753 3128 790 3192; x_wconf 88' lang='lat' dir='ltr'><strong>ut</strong></span> <span class='ocrx_word' id='word_1_220' title='bbox 813 3127 911 3192; x_wconf 91' lang='lat' dir='ltr'><strong>bomo</strong></span> <span class='ocrx_word' id='word_1_221' title='bbox 927 3139 1055 3189; x_wconf 88' lang='lat' dir='ltr'><strong>assum·</strong></span> <span class='ocrx_word' id='word_1_222' title='bbox 1118 3175 1120 3180; x_wconf 96' lang='lat'><em>.</em></span> 
     </span>
     <span class='ocr_line' id='line_1_32' title="bbox 27 3212 1054 3302; baseline -0.004 -22"><span class='ocrx_word' id='word_1_223' title='bbox 27 3219 108 3296; x_wconf 88' lang='lat' dir='ltr'><strong>ptus</strong></span> <span class='ocrx_word' id='word_1_224' title='bbox 123 3214 227 3280; x_wconf 84' lang='lat' dir='ltr'><strong>estad</strong></span> <span class='ocrx_word' id='word_1_225' title='bbox 247 3214 400 3282; x_wconf 90' lang='lat' dir='ltr'><strong>divinum</strong></span> <span class='ocrx_word' id='word_1_226' title='bbox 424 3217 595 3301; x_wconf 89' lang='lat' dir='ltr'><strong>honorem,</strong></span> <span class='ocrx_word' id='word_1_227' title='bbox 615 3217 672 3302; x_wconf 91' lang='lat' dir='ltr'><strong>qui</strong></span> <span class='ocrx_word' id='word_1_228' title='bbox 688 3235 749 3300; x_wconf 88' lang='lat' dir='ltr'><strong>per</strong></span> <span class='ocrx_word' id='word_1_229' title='bbox 775 3216 946 3282; x_wconf 77' lang='lat' dir='ltr'><strong>dexteram</strong></span> <span class='ocrx_word' id='word_1_230' title='bbox 970 3212 1054 3277; x_wconf 87' lang='lat' dir='ltr'><strong>desi·</strong></span> 
     </span>
     <span class='ocr_line' id='line_1_33' title="bbox 28 3299 1053 3389; baseline -0.005 -19"><span class='ocrx_word' id='word_1_231' title='bbox 28 3307 162 3388; x_wconf 62' lang='lat' dir='ltr'><strong>suatur.</strong></span> <span class='ocrx_word' id='word_1_232' title='bbox 174 3302 254 3370; x_wconf 90' lang='lat' dir='ltr'><strong>ltem</strong></span> <span class='ocrx_word' id='word_1_233' title='bbox 270 3325 339 3372; x_wconf 94' lang='lat' dir='ltr'><strong>non</strong></span> <span class='ocrx_word' id='word_1_234' title='bbox 351 3310 458 3389; x_wconf 89' lang='lat' dir='ltr'><strong>potest</strong></span> <span class='ocrx_word' id='word_1_235' title='bbox 468 3305 733 3372; x_wconf 86' lang='lat' dir='ltr'><strong>dioiPatersedet</strong></span> <span class='ocrx_word' id='word_1_236' title='bbox 743 3306 786 3372; x_wconf 90' lang='lat' dir='ltr'><strong>ad</strong></span> <span class='ocrx_word' id='word_1_237' title='bbox 798 3307 968 3372; x_wconf 85' lang='lat' dir='ltr'><strong>dexteram</strong></span> <span class='ocrx_word' id='word_1_238' title='bbox 981 3299 1053 3384; x_wconf 84' lang='lat' dir='ltr'><strong>Fili,</strong></span> 
     </span>
     <span class='ocr_line' id='line_1_34' title="bbox 28 3392 1050 3481; baseline -0.001 -25"><span class='ocrx_word' id='word_1_239' title='bbox 28 3395 78 3459; x_wconf 86' lang='lat' dir='ltr'><strong>vel</strong></span> <span class='ocrx_word' id='word_1_240' title='bbox 103 3394 246 3478; x_wconf 90' lang='lat' dir='ltr'><strong>Spiritus</strong></span> <span class='ocrx_word' id='word_1_241' title='bbox 268 3395 394 3475; x_wconf 86' lang='lat' dir='ltr'><strong>saneti,</strong></span> <span class='ocrx_word' id='word_1_242' title='bbox 424 3396 502 3462; x_wconf 87' lang='lat' dir='ltr'><strong>lieet</strong></span> <span class='ocrx_word' id='word_1_243' title='bbox 522 3395 589 3462; x_wconf 89' lang='lat' dir='ltr'><strong>sint</strong></span> <span class='ocrx_word' id='word_1_244' title='bbox 620 3396 760 3481; x_wconf 84' lang='lat' dir='ltr'><strong>aequales</strong></span> <span class='ocrx_word' id='word_1_245' title='bbox 791 3395 826 3462; x_wconf 92' lang='lat' dir='ltr'><strong>in</strong></span> <span class='ocrx_word' id='word_1_246' title='bbox 852 3392 1050 3470; x_wconf 88' lang='lat' dir='ltr'><strong>divinitate,</strong></span> 
     </span>
     <span class='ocr_line' id='line_1_35' title="bbox 28 3481 1051 3570; baseline -0.004 -20"><span class='ocrx_word' id='word_1_247' title='bbox 28 3485 103 3568; x_wconf 87' lang='lat' dir='ltr'><strong>quia</strong></span> <span class='ocrx_word' id='word_1_248' title='bbox 119 3484 219 3551; x_wconf 88' lang='lat' dir='ltr'><strong>Pater</strong></span> <span class='ocrx_word' id='word_1_249' title='bbox 241 3504 310 3552; x_wconf 95' lang='lat' dir='ltr'><strong>non</strong></span> <span class='ocrx_word' id='word_1_250' title='bbox 335 3487 432 3552; x_wconf 88' lang='lat' dir='ltr'><strong>habet</strong></span> <span class='ocrx_word' id='word_1_251' title='bbox 455 3485 617 3570; x_wconf 78' lang='lat' dir='ltr'><strong>originem</strong></span> <span class='ocrx_word' id='word_1_252' title='bbox 639 3488 682 3552; x_wconf 90' lang='lat' dir='ltr'><strong>ab</strong></span> <span class='ocrx_word' id='word_1_253' title='bbox 710 3486 780 3552; x_wconf 87' lang='lat' dir='ltr'><strong>aliis</strong></span> <span class='ocrx_word' id='word_1_254' title='bbox 813 3481 982 3569; x_wconf 89' lang='lat' dir='ltr'><strong>personis,</strong></span> <span class='ocrx_word' id='word_1_255' title='bbox 1008 3481 1051 3546; x_wconf 94' lang='lat' dir='ltr'><strong>ob</strong></span> 
     </span>
     <span class='ocr_line' id='line_1_36' title="bbox 29 3573 952 3660; baseline -0.005 -18"><span class='ocrx_word' id='word_1_256' title='bbox 29 3593 127 3658; x_wconf 85' lang='lat' dir='ltr'><strong>quam</strong></span> <span class='ocrx_word' id='word_1_257' title='bbox 143 3593 276 3642; x_wconf 83' lang='lat' dir='ltr'><strong>oausam</strong></span> <span class='ocrx_word' id='word_1_258' title='bbox 299 3575 457 3642; x_wconf 76' lang='lat' dir='ltr'><strong>convenit</strong></span> <span class='ocrx_word' id='word_1_259' title='bbox 480 3575 569 3657; x_wconf 84' lang='lat' dir='ltr'><strong>Filio,</strong></span> <span class='ocrx_word' id='word_1_260' title='bbox 593 3577 647 3641; x_wconf 89' lang='lat' dir='ltr'><strong>vel</strong></span> <span class='ocrx_word' id='word_1_261' title='bbox 669 3573 806 3660; x_wconf 90' lang='lat' dir='ltr'><strong>Spiritui</strong></span> <span class='ocrx_word' id='word_1_262' title='bbox 828 3577 952 3642; x_wconf 84' lang='lat' dir='ltr'><strong>saneto.</strong></span> 
     </span>
    </p>
   </div>
   <div class='ocr_carea' id='block_1_7' title="bbox 13 3657 1076 3751">
    <p class='ocr_par' dir='ltr' id='par_1_11' title="bbox 13 3657 1076 3751">
     <span class='ocr_line' id='line_1_37' title="bbox 13 3657 1076 3751; baseline 0.004 -19"><span class='ocrx_word' id='word_1_263' title='bbox 13 3657 69 3736; x_wconf 77' lang='lat' dir='ltr'><strong>Art.</strong></span> <span class='ocrx_word' id='word_1_264' title='bbox 92 3663 128 3742; x_wconf 77' lang='lat' dir='ltr'><strong>l.</strong></span> <span class='ocrx_word' id='word_1_265' title='bbox 152 3661 203 3736; x_wconf 81' lang='lat' dir='ltr'><strong>Ao</strong></span> <span class='ocrx_word' id='word_1_266' title='bbox 222 3665 322 3736; x_wconf 71' lang='lat' dir='ltr'><strong>soora</strong></span> <span class='ocrx_word' id='word_1_267' title='bbox 343 3665 383 3735; x_wconf 83' lang='lat' dir='ltr'><strong>od</strong></span> <span class='ocrx_word' id='word_1_268' title='bbox 396 3664 551 3738; x_wconf 66' lang='lat' dir='ltr'><strong>deseram</strong></span> <span class='ocrx_word' id='word_1_269' title='bbox 572 3661 679 3740; x_wconf 75' lang='lat' dir='ltr'><strong>Patris</strong></span> <span class='ocrx_word' id='word_1_270' title='bbox 700 3671 848 3751; x_wconf 77' lang='lat' dir='ltr'><strong>compoto</strong></span> <span class='ocrx_word' id='word_1_271' title='bbox 870 3663 1076 3737; x_wconf 56' lang='lat' dir='ltr'><strong>carituros·</strong></span> 
     </span>
    </p>
   </div>
   <div class='ocr_carea' id='block_1_8' title="bbox 0 0 1315 4190">
    <p class='ocr_par' dir='ltr' id='par_1_12' title="bbox 0 0 1315 4190">
     <span class='ocr_line' id='line_1_38' title="bbox 0 0 1315 4190; baseline 0 0"><span class='ocrx_word' id='word_1_272' title='bbox 0 0 1315 4190; x_wconf 95' lang='lat' dir='ltr'><strong> </strong></span> 
     </span>
    </p>
   </div>
  </div>
 </body>
</html>
