2608 4220
446 79 522 130 Dth
545 81 694 134 THOMAE.

437 302 615 390 Qufflsrlo
637 305 699 374 XL.

159 491 254 558 De
279 486 378 554 his
415 502 545 567 quae
576 492 720 554 sunt
751 505 984 556 annexa

230 583 620 644 sacramento
653 578 914 646 Ordinis.

30 757 104 826 Art.
135 761 172 824 ι.
196 754 244 824 An
267 754 405 824 nuncu
427 755 553 823 dedecor
573 757 654 841 serre
676 774 833 839 coronam,
855 776 908 826 reu
927 764 1092 830 tonsorum.

56 850 98 930 ri.
123 847 193 926 Sic,
218 848 262 913 oh
284 846 402 912 multas
425 847 577 931 mysticas
599 845 866 930 significationes.

31 937 109 1004 Art.
137 937 175 1006 2.
198 935 247 1006 An
273 954 386 1003 corono
411 938 456 1002 sit
482 935 565 1004 ordo.
590 937 626 1020 ιι.
649 935 737 1012 Non,
760 937 819 1004 sed
847 939 1089 1022 praeambulum

55 1028 104 1094 ad
132 1026 287 1106 ordines,
308 1043 368 1093 sen
400 1027 554 1110 quedem
576 1023 746 1108 deputatio
779 1027 822 1094 ad
852 1027 998 1097 officium
1020 1029 1093 1098 sine

57 1118 272 1186 charactere.

34 1204 108 1273 Art.
138 1207 173 1274 ³.
196 1204 245 1274 An
279 1223 334 1289 per
362 1207 564 1292 receptionem
593 1224 722 1274 coronoe
748 1208 950 1276 renuncietur
986 1214 1094 1293 onpo-

58 1297 191 1366 rotitsrs
207 1295 303 1364 honis.
329 1297 363 1380 rt.
387 1295 469 1364 Non.

36 1385 111 1454 Art.
140 1387 174 1454 t.
197 1384 246 1454 An
267 1405 362 1470 supro
387 1386 523 1453 ordinem
555 1387 767 1456 socerdotalem
803 1386 907 1456 deden
941 1409 1002 1458 csse
1036 1391 1094 1458 oti·

61 1497 129 1562 pou
151 1484 283 1561 potertos
305 1477 491 1560 episcopatis.
517 1477 552 1560 ri.
575 1476 642 1554 Sic,
665 1477 815 1548 seecrdus
839 1483 974 1564 purgat,
998 1483 1031 1546 et
1055 1480 1095 1544 il·

64 1568 226 1645 luminat,
250 1565 419 1649 episcopus
449 1565 593 1650 per-heim
617 1571 650 1632 ct
673 1567 728 1634 itta
751 1568 875 1650 pendet
897 1571 939 1636 eh
963 1571 1033 1651 hac,
1058 1574 1097 1637 ιιι

64 1657 103 1722 in
132 1656 370 1724 iurisdictione.

41 1745 112 1814 Art.
138 1747 171 1815 5.
194 1744 244 1813 An
265 1745 462 1830 Episcopatus
483 1748 526 1812 sit
547 1745 630 1812 ordo.
648 1747 683 1830 ri.
706 1748 788 1828 Non,
803 1746 880 1832 qnia
899 1767 987 1819 unus
1013 1750 1095 1817 ordo

66 1857 140 1904 non
183 1837 306 1919 pendet
339 1840 382 1902 oh
404 1837 467 1902 etio
502 1836 537 1902 in
569 1836 761 1904 necessitate
794 1837 1010 1916 sacrementi,
1037 1839 1095 1909 scd

69 1925 283 2010 episcopatus
306 1926 429 2008 pendet
451 1946 471 1991 a
493 1927 698 2005 sacerdotali,
714 1947 802 2012 ergo,
820 1931 881 1992 etc.
899 1927 990 2003 item,
1007 1928 1095 1996 circo

68 2035 194 2100 eorpus
217 2015 335 2082 Christi
362 2035 488 2093 rernm,
512 2015 684 2098 episcopus
708 2037 776 2084 non
808 2019 906 2084 hahet
934 2018 1095 2088 maiorem

67 2110 284 2187 potestatem,
313 2125 413 2190 quarn
445 2106 610 2186 sacerdos,
645 2106 721 2172 ticet
759 2114 909 2190 respectu
947 2109 1095 2191 eorporis

68 2195 190 2264 Christi
215 2195 343 2281 mystici
368 2197 488 2262 haheat
509 2215 610 2279 supra
630 2197 836 2266 sacerdotem
860 2199 1095 2266 auctoritatem

67 2285 103 2352 in
129 2285 315 2351 actionibus
339 2285 559 2352 hierarchicis.
1120 2295 1121 2300 ’

46 2373 117 2442 Art.
144 2374 177 2441 6.
203 2379 253 2442 An
276 2377 310 2441 in
333 2373 468 2442 Ecclesia
495 2377 594 2459 pessit
618 2395 678 2442 esse
707 2377 820 2461 otiquis
842 2379 984 2462 superior
1001 2397 1095 2464 supro

67 2469 234 2550 episcopos.
259 2467 295 2550 ri.
319 2463 382 2543 Sic,
407 2484 490 2548 papo
529 2471 566 2531 ιιι
603 2469 709 2532 ιοιιιιιι
739 2485 859 2550 corpus
896 2471 1029 2552 regatur
1052 2469 1096 2534 ab

69 2573 138 2624 una
162 2555 357 2622 auctoritate
379 2554 609 2638 capitisltem,
635 2559 776 2639 potestas
791 2555 916 2641 ligandi
940 2557 1004 2624 init
1019 2558 1095 2624 date

68 2644 242 2712 aChristo
263 2643 323 2712 soti
346 2643 453 2723 Petro,
477 2647 516 2712 ιιι
548 2646 724 2714 confirmet
746 2647 864 2712 tratres
892 2664 978 2712 suos.
1003 2644 1094 2732 item,

69 2734 150 2801 licet
172 2753 258 2799 unus
281 2733 453 2817 episcopus
475 2733 577 2802 otium
600 2740 780 2814 consecret,
795 2735 874 2820 quia
890 2739 969 2802 sunt
985 2755 1095 2821 aequa·

67 2823 127 2903 tes,
153 2827 264 2891 tamen
294 2824 503 2890 exceduntur
537 2845 662 2910 apapa
691 2825 726 2892 in
759 2827 918 2909 potestate
947 2825 1094 2893 eiusdem

71 2912 215 2998 generis,
238 2917 272 2979 et
305 2913 379 2980 ideo
407 2913 515 2997 ipsum
544 2919 754 2986 consecrant:
779 2917 922 2999 pesestas
950 2915 1095 3000 episcopi

69 3008 120 3068 est
144 3004 279 3072 atterite
302 3002 434 3086 generis
456 3004 693 3072 osncerdoteli.

54 3089 117 3160 ιιι.
143 3090 174 3157 7.
198 3090 247 3159 An
270 3101 362 3160 restes
385 3094 599 3164 ministrorum
619 3096 686 3161 sint
699 3096 913 3162 conuenienter
936 3097 970 3162 in
994 3094 1095 3165 Ecctc·

70 3187 121 3250 sio
137 3184 308 3250 institutos.
326 3184 360 3266 rt.
377 3182 439 3259 Sic,
457 3185 535 3268 quie
564 3185 803 3252 convenienter
819 3185 995 3270 designant
1026 3185 1097 3252 ido·

72 3273 326 3356 rectoremque
343 3271 377 3338 in
401 3272 447 3338 eis
471 3274 652 3358 requiritur
667 3275 708 3341 ad
733 3276 905 3344 tractanda
920 3274 1047 3355 divino,
1063 3276 1096 3340 et

73 3365 297 3433 numerentur
320 3360 366 3430 ihi
390 3381 466 3433 cnm
489 3362 794 3448 significationibus.
819 3363 907 3434 Vide.
