<?xml version="1.0" encoding="UTF-8"?>
<!DOCTYPE html PUBLIC "-//W3C//DTD XHTML 1.0 Transitional//EN"
    "http://www.w3.org/TR/xhtml1/DTD/xhtml1-transitional.dtd">
<html xmlns="http://www.w3.org/1999/xhtml" xml:lang="en" lang="en">
 <head>
  <title>
</title>
<meta http-equiv="Content-Type" content="text/html;charset=utf-8" />
  <meta name='ocr-system' content='tesseract 3.04.00' />
  <meta name='ocr-capabilities' content='ocr_page ocr_carea ocr_par ocr_line ocrx_word'/>
</head>
<body>
  <div class='ocr_page' id='page_1' title='image "./theologicsummco00thomgoog_0373.png"; bbox 0 0 2604 4210; ppageno 0'>
   <div class='ocr_carea' id='block_1_1' title="bbox 291 134 989 204">
    <p class='ocr_par' dir='ltr' id='par_1_1' title="bbox 291 134 989 204">
     <span class='ocr_line' id='line_1_1' title="bbox 291 134 989 204; baseline 0 -3"><span class='ocrx_word' id='word_1_1' title='bbox 291 134 357 201; x_wconf 77' lang='lat'><strong>:362</strong></span> <span class='ocrx_word' id='word_1_2' title='bbox 551 153 596 202; x_wconf 80' lang='lat' dir='ltr'><strong>nx</strong></span> <span class='ocrx_word' id='word_1_3' title='bbox 620 152 788 204; x_wconf 71' lang='lat' dir='ltr'><strong>secunus</strong></span> <span class='ocrx_word' id='word_1_4' title='bbox 812 152 989 204; x_wconf 71' lang='lat' dir='ltr'><strong>secusne:</strong></span> 
     </span>
    </p>
   </div>
   <div class='ocr_carea' id='block_1_2' title="bbox 268 286 1296 464">
    <p class='ocr_par' dir='ltr' id='par_1_2' title="bbox 268 286 1296 464">
     <span class='ocr_line' id='line_1_2' title="bbox 269 286 1291 372; baseline -0.002 -18"><span class='ocrx_word' id='word_1_5' title='bbox 269 287 506 368; x_wconf 84' lang='lat' dir='ltr'><strong>necessarium,</strong></span> <span class='ocrx_word' id='word_1_6' title='bbox 530 293 568 353; x_wconf 90' lang='lat' dir='ltr'><strong>ut</strong></span> <span class='ocrx_word' id='word_1_7' title='bbox 590 288 819 357; x_wconf 78' lang='lat' dir='ltr'><strong>consideratur</strong></span> <span class='ocrx_word' id='word_1_8' title='bbox 842 288 879 354; x_wconf 92' lang='lat' dir='ltr'><strong>in</strong></span> <span class='ocrx_word' id='word_1_9' title='bbox 914 307 973 355; x_wconf 91' lang='lat' dir='ltr'><strong>suo</strong></span> <span class='ocrx_word' id='word_1_10' title='bbox 996 286 1173 372; x_wconf 70' lang='lat' dir='ltr'><strong>prasenti,</strong></span> <span class='ocrx_word' id='word_1_11' title='bbox 1202 307 1291 372; x_wconf 88' lang='lat' dir='ltr'><strong>pron</strong></span> 
     </span>
     <span class='ocr_line' id='line_1_3' title="bbox 268 377 1296 464; baseline 0.003 -22"><span class='ocrx_word' id='word_1_12' title='bbox 268 377 379 444; x_wconf 88' lang='lat' dir='ltr'><strong>subest</strong></span> <span class='ocrx_word' id='word_1_13' title='bbox 402 379 619 464; x_wconf 89' lang='lat' dir='ltr'><strong>praescientiae</strong></span> <span class='ocrx_word' id='word_1_14' title='bbox 642 377 778 445; x_wconf 88' lang='lat' dir='ltr'><strong>divinae.</strong></span> <span class='ocrx_word' id='word_1_15' title='bbox 1295 389 1296 396; x_wconf 77' lang='grc'>’</span> 
     </span>
    </p>
   </div>
   <div class='ocr_carea' id='block_1_3' title="bbox 424 555 1113 824">
    <p class='ocr_par' dir='ltr' id='par_1_3' title="bbox 424 555 1113 824">
     <span class='ocr_line' id='line_1_4' title="bbox 603 555 946 644; baseline -0.009 -20"><span class='ocrx_word' id='word_1_16' title='bbox 603 555 782 644; x_wconf 82' lang='lat' dir='ltr'><strong>QoAEsvto</strong></span> <span class='ocrx_word' id='word_1_17' title='bbox 805 556 946 626; x_wconf 78' lang='lat' dir='ltr'><strong>hhxxlt.</strong></span> 
     </span>
     <span class='ocr_line' id='line_1_5' title="bbox 424 739 1113 824; baseline 0 -20"><span class='ocrx_word' id='word_1_18' title='bbox 424 739 515 805; x_wconf 85' lang='lat' dir='ltr'><strong>De</strong></span> <span class='ocrx_word' id='word_1_19' title='bbox 532 756 717 807; x_wconf 81' lang='lat' dir='ltr'><strong>causa</strong></span> <span class='ocrx_word' id='word_1_20' title='bbox 733 739 1113 824; x_wconf 76' lang='lat' dir='ltr'><strong>prophetiae,</strong></span> 
     </span>
    </p>
   </div>
   <div class='ocr_carea' id='block_1_4' title="bbox 246 915 1297 3786">
    <p class='ocr_par' dir='ltr' id='par_1_4' title="bbox 248 915 1296 1905">
     <span class='ocr_line' id='line_1_6' title="bbox 248 915 1296 1003; baseline -0.008 -13"><span class='ocrx_word' id='word_1_21' title='bbox 248 918 315 990; x_wconf 82' lang='lat' dir='ltr'><strong>Art.</strong></span> <span class='ocrx_word' id='word_1_22' title='bbox 341 916 372 984; x_wconf 88' lang='lat' dir='ltr'><strong>l.</strong></span> <span class='ocrx_word' id='word_1_23' title='bbox 395 915 444 985; x_wconf 83' lang='lat' dir='ltr'><strong>Ao</strong></span> <span class='ocrx_word' id='word_1_24' title='bbox 464 919 624 1002; x_wconf 74' lang='lat' dir='ltr'><strong><em>prophetia</em></strong></span> <span class='ocrx_word' id='word_1_25' title='bbox 645 922 743 1003; x_wconf 81' lang='lat' dir='ltr'><em>possit</em></span> <span class='ocrx_word' id='word_1_26' title='bbox 771 937 831 985; x_wconf 86' lang='lat' dir='ltr'><strong>csse</strong></span> <span class='ocrx_word' id='word_1_27' title='bbox 855 917 1019 984; x_wconf 82' lang='lat' dir='ltr'><strong>coloratis.</strong></span> <span class='ocrx_word' id='word_1_28' title='bbox 1044 918 1079 1002; x_wconf 73' lang='lat' dir='ltr'><strong>il.</strong></span> <span class='ocrx_word' id='word_1_29' title='bbox 1102 915 1198 996; x_wconf 90' lang='lat' dir='ltr'><strong>Non,</strong></span> <span class='ocrx_word' id='word_1_30' title='bbox 1226 918 1296 1002; x_wconf 75' lang='lat' dir='ltr'><strong>quii</strong></span> 
     </span>
     <span class='ocr_line' id='line_1_7' title="bbox 270 1006 1296 1095; baseline -0.002 -22"><span class='ocrx_word' id='word_1_31' title='bbox 270 1006 484 1095; x_wconf 73' lang='lat' dir='ltr'><strong>praecognitio</strong></span> <span class='ocrx_word' id='word_1_32' title='bbox 498 1009 689 1075; x_wconf 80' lang='lat' dir='ltr'><strong>futurorum</strong></span> <span class='ocrx_word' id='word_1_33' title='bbox 705 1009 889 1076; x_wconf 90' lang='lat' dir='ltr'><strong>secundum</strong></span> <span class='ocrx_word' id='word_1_34' title='bbox 913 1008 1003 1093; x_wconf 87' lang='lat' dir='ltr'><strong>quod</strong></span> <span class='ocrx_word' id='word_1_35' title='bbox 1018 1009 1099 1076; x_wconf 93' lang='lat' dir='ltr'><strong>sunt</strong></span> <span class='ocrx_word' id='word_1_36' title='bbox 1115 1007 1152 1074; x_wconf 92' lang='lat' dir='ltr'><strong>iu</strong></span> <span class='ocrx_word' id='word_1_37' title='bbox 1169 1007 1296 1094; x_wconf 76' lang='lat' dir='ltr'><strong>scipsis</strong></span> 
     </span>
     <span class='ocr_line' id='line_1_8' title="bbox 269 1095 1296 1184; baseline 0 -20"><span class='ocrx_word' id='word_1_38' title='bbox 269 1117 411 1184; x_wconf 90' lang='lat' dir='ltr'><strong>qnorum</strong></span> <span class='ocrx_word' id='word_1_39' title='bbox 434 1100 482 1163; x_wconf 91' lang='lat' dir='ltr'><strong>est</strong></span> <span class='ocrx_word' id='word_1_40' title='bbox 505 1099 687 1182; x_wconf 80' lang='lat' dir='ltr'><strong>prophetia,</strong></span> <span class='ocrx_word' id='word_1_41' title='bbox 712 1119 780 1164; x_wconf 92' lang='lat' dir='ltr'><strong>non</strong></span> <span class='ocrx_word' id='word_1_42' title='bbox 805 1099 1001 1182; x_wconf 86' lang='lat' dir='ltr'><strong>potestesse</strong></span> <span class='ocrx_word' id='word_1_43' title='bbox 1030 1117 1049 1162; x_wconf 91' lang='lat' dir='ltr'><strong>a</strong></span> <span class='ocrx_word' id='word_1_44' title='bbox 1073 1099 1221 1176; x_wconf 86' lang='lat' dir='ltr'><strong>natura,</strong></span> <span class='ocrx_word' id='word_1_45' title='bbox 1246 1095 1296 1164; x_wconf 83' lang='lat' dir='ltr'><strong>sed</strong></span> 
     </span>
     <span class='ocr_line' id='line_1_9' title="bbox 269 1186 1296 1273; baseline 0 -19"><span class='ocrx_word' id='word_1_46' title='bbox 269 1191 376 1255; x_wconf 92' lang='lat' dir='ltr'><strong>solum</strong></span> <span class='ocrx_word' id='word_1_47' title='bbox 399 1207 418 1254; x_wconf 89' lang='lat' dir='ltr'><strong>a</strong></span> <span class='ocrx_word' id='word_1_48' title='bbox 441 1187 508 1253; x_wconf 91' lang='lat' dir='ltr'><strong>Deo</strong></span> <span class='ocrx_word' id='word_1_49' title='bbox 531 1190 711 1269; x_wconf 87' lang='lat' dir='ltr'><strong>revelante,</strong></span> <span class='ocrx_word' id='word_1_50' title='bbox 735 1188 793 1273; x_wconf 94' lang='lat' dir='ltr'><strong>qui</strong></span> <span class='ocrx_word' id='word_1_51' title='bbox 817 1187 916 1253; x_wconf 92' lang='lat' dir='ltr'><strong>habet</strong></span> <span class='ocrx_word' id='word_1_52' title='bbox 947 1187 983 1252; x_wconf 94' lang='lat' dir='ltr'><strong>iu</strong></span> <span class='ocrx_word' id='word_1_53' title='bbox 1014 1205 1072 1251; x_wconf 89' lang='lat' dir='ltr'><strong>sua</strong></span> <span class='ocrx_word' id='word_1_54' title='bbox 1101 1186 1296 1254; x_wconf 81' lang='lat' dir='ltr'><strong>aeternitati</strong></span> 
     </span>
     <span class='ocr_line' id='line_1_10' title="bbox 251 1276 1296 1362; baseline -0.001 -19"><span class='ocrx_word' id='word_1_55' title='bbox 251 1278 382 1344; x_wconf 88' lang='lat' dir='ltr'><strong>omnia</strong></span> <span class='ocrx_word' id='word_1_56' title='bbox 404 1278 589 1360; x_wconf 80' lang='lat' dir='ltr'><strong>praesentia.</strong></span> <span class='ocrx_word' id='word_1_57' title='bbox 613 1277 693 1345; x_wconf 88' lang='lat' dir='ltr'><strong>ltem</strong></span> <span class='ocrx_word' id='word_1_58' title='bbox 717 1276 931 1362; x_wconf 75' lang='lat' dir='ltr'><strong>praecognitio</strong></span> <span class='ocrx_word' id='word_1_59' title='bbox 954 1276 1145 1341; x_wconf 83' lang='lat' dir='ltr'><strong>futurorum</strong></span> <span class='ocrx_word' id='word_1_60' title='bbox 1162 1277 1205 1343; x_wconf 94' lang='lat' dir='ltr'><strong>in</strong></span> <span class='ocrx_word' id='word_1_61' title='bbox 1234 1276 1296 1342; x_wconf 80' lang='lat' dir='ltr'><strong>suit</strong></span> 
     </span>
     <span class='ocr_line' id='line_1_11' title="bbox 268 1367 1296 1451; baseline -0.002 -17"><span class='ocrx_word' id='word_1_62' title='bbox 268 1367 372 1434; x_wconf 89' lang='lat' dir='ltr'><strong>causis</strong></span> <span class='ocrx_word' id='word_1_63' title='bbox 395 1387 463 1433; x_wconf 82' lang='lat' dir='ltr'><strong>non</strong></span> <span class='ocrx_word' id='word_1_64' title='bbox 489 1370 629 1436; x_wconf 90' lang='lat' dir='ltr'><strong>hahetur</strong></span> <span class='ocrx_word' id='word_1_65' title='bbox 650 1389 669 1434; x_wconf 91' lang='lat' dir='ltr'><strong>a</strong></span> <span class='ocrx_word' id='word_1_66' title='bbox 692 1372 823 1448; x_wconf 84' lang='lat' dir='ltr'><strong>natura,</strong></span> <span class='ocrx_word' id='word_1_67' title='bbox 846 1367 924 1451; x_wconf 87' lang='lat' dir='ltr'><strong>qnia</strong></span> <span class='ocrx_word' id='word_1_68' title='bbox 947 1368 1046 1432; x_wconf 91' lang='lat' dir='ltr'><strong>homo</strong></span> <span class='ocrx_word' id='word_1_69' title='bbox 1076 1371 1189 1448; x_wconf 88' lang='lat' dir='ltr'><strong>posset</strong></span> <span class='ocrx_word' id='word_1_70' title='bbox 1212 1385 1296 1432; x_wconf 76' lang='lat' dir='ltr'><strong>sem-</strong></span> 
     </span>
     <span class='ocr_line' id='line_1_12' title="bbox 269 1457 1296 1542; baseline -0.004 -19"><span class='ocrx_word' id='word_1_71' title='bbox 269 1460 439 1542; x_wconf 86' lang='lat' dir='ltr'><strong>perhanc</strong></span> <span class='ocrx_word' id='word_1_72' title='bbox 462 1459 583 1523; x_wconf 89' lang='lat' dir='ltr'><strong>habere</strong></span> <span class='ocrx_word' id='word_1_73' title='bbox 617 1476 693 1524; x_wconf 91' lang='lat' dir='ltr'><strong>cnm</strong></span> <span class='ocrx_word' id='word_1_74' title='bbox 728 1457 817 1537; x_wconf 90' lang='lat' dir='ltr'><strong>vult,</strong></span> <span class='ocrx_word' id='word_1_75' title='bbox 840 1457 899 1522; x_wconf 92' lang='lat' dir='ltr'><strong>sed</strong></span> <span class='ocrx_word' id='word_1_76' title='bbox 933 1457 1074 1522; x_wconf 88' lang='lat' dir='ltr'><strong>habetur</strong></span> <span class='ocrx_word' id='word_1_77' title='bbox 1108 1473 1169 1538; x_wconf 88' lang='lat' dir='ltr'><strong>per</strong></span> <span class='ocrx_word' id='word_1_78' title='bbox 1195 1475 1296 1540; x_wconf 84' lang='lat' dir='ltr'><strong>expe</strong></span> 
     </span>
     <span class='ocr_line' id='line_1_13' title="bbox 269 1543 1296 1632; baseline -0.001 -19"><span class='ocrx_word' id='word_1_79' title='bbox 269 1547 439 1628; x_wconf 90' lang='lat' dir='ltr'><strong>rientiam,</strong></span> <span class='ocrx_word' id='word_1_80' title='bbox 464 1565 538 1632; x_wconf 89' lang='lat' dir='ltr'><strong>quas</strong></span> <span class='ocrx_word' id='word_1_81' title='bbox 571 1547 707 1613; x_wconf 91' lang='lat' dir='ltr'><strong>iuvatur</strong></span> <span class='ocrx_word' id='word_1_82' title='bbox 731 1567 790 1631; x_wconf 90' lang='lat' dir='ltr'><strong>per</strong></span> <span class='ocrx_word' id='word_1_83' title='bbox 813 1545 999 1612; x_wconf 81' lang='lat' dir='ltr'><strong>naturalem</strong></span> <span class='ocrx_word' id='word_1_84' title='bbox 1023 1543 1296 1630; x_wconf 70' lang='lat' dir='ltr'><strong>dispositionem,</strong></span> 
     </span>
     <span class='ocr_line' id='line_1_14' title="bbox 268 1634 1296 1724; baseline -0.004 -18"><span class='ocrx_word' id='word_1_85' title='bbox 268 1641 301 1706; x_wconf 91' lang='lat' dir='ltr'><strong>et</strong></span> <span class='ocrx_word' id='word_1_86' title='bbox 323 1636 434 1704; x_wconf 83' lang='lat' dir='ltr'><strong>differt</strong></span> <span class='ocrx_word' id='word_1_87' title='bbox 456 1640 498 1704; x_wconf 90' lang='lat' dir='ltr'><strong>ab</strong></span> <span class='ocrx_word' id='word_1_88' title='bbox 520 1636 585 1716; x_wconf 90' lang='lat' dir='ltr'><strong>illa,</strong></span> <span class='ocrx_word' id='word_1_89' title='bbox 609 1657 682 1724; x_wconf 89' lang='lat' dir='ltr'><strong>quae</strong></span> <span class='ocrx_word' id='word_1_90' title='bbox 700 1638 842 1704; x_wconf 86' lang='lat' dir='ltr'><strong>habetur</strong></span> <span class='ocrx_word' id='word_1_91' title='bbox 865 1655 925 1720; x_wconf 91' lang='lat' dir='ltr'><strong>per</strong></span> <span class='ocrx_word' id='word_1_92' title='bbox 947 1634 1200 1716; x_wconf 83' lang='lat' dir='ltr'><strong>revelationem,</strong></span> <span class='ocrx_word' id='word_1_93' title='bbox 1222 1636 1296 1722; x_wconf 84' lang='lat' dir='ltr'><strong>quia</strong></span> 
     </span>
     <span class='ocr_line' id='line_1_15' title="bbox 268 1723 1296 1813; baseline -0.005 -18"><span class='ocrx_word' id='word_1_94' title='bbox 268 1730 339 1795; x_wconf 86' lang='lat' dir='ltr'><strong>haec</strong></span> <span class='ocrx_word' id='word_1_95' title='bbox 361 1733 410 1794; x_wconf 91' lang='lat' dir='ltr'><strong>est</strong></span> <span class='ocrx_word' id='word_1_96' title='bbox 432 1727 575 1794; x_wconf 88' lang='lat' dir='ltr'><strong>lallihilis</strong></span> <span class='ocrx_word' id='word_1_97' title='bbox 604 1730 638 1791; x_wconf 91' lang='lat' dir='ltr'><strong>et</strong></span> <span class='ocrx_word' id='word_1_98' title='bbox 661 1728 873 1813; x_wconf 88' lang='lat' dir='ltr'><strong>quorundam</strong></span> <span class='ocrx_word' id='word_1_99' title='bbox 896 1726 1088 1802; x_wconf 89' lang='lat' dir='ltr'><strong>eventuum,</strong></span> <span class='ocrx_word' id='word_1_100' title='bbox 1112 1723 1170 1793; x_wconf 92' lang='lat' dir='ltr'><strong>illa</strong></span> <span class='ocrx_word' id='word_1_101' title='bbox 1198 1726 1296 1791; x_wconf 75' lang='lat' dir='ltr'><strong>infal-</strong></span> 
     </span>
     <span class='ocr_line' id='line_1_16' title="bbox 269 1817 753 1905; baseline 0 -23"><span class='ocrx_word' id='word_1_102' title='bbox 269 1817 368 1885; x_wconf 89' lang='lat' dir='ltr'><strong>libilis</strong></span> <span class='ocrx_word' id='word_1_103' title='bbox 381 1820 414 1883; x_wconf 90' lang='lat' dir='ltr'><strong>et</strong></span> <span class='ocrx_word' id='word_1_104' title='bbox 436 1836 733 1904; x_wconf 86' lang='lat' dir='ltr'><strong>quorumcumque.</strong></span> <span class='ocrx_word' id='word_1_105' title='bbox 750 1896 753 1905; x_wconf 21' lang='grc' dir='ltr'>ι</span> 
     </span>
    </p>

    <p class='ocr_par' dir='ltr' id='par_1_5' title="bbox 246 1902 1296 2886">
     <span class='ocr_line' id='line_1_17' title="bbox 246 1902 1296 1992; baseline -0.006 -18"><span class='ocrx_word' id='word_1_106' title='bbox 246 1907 316 1975; x_wconf 85' lang='lat' dir='ltr'><strong>Atr.</strong></span> <span class='ocrx_word' id='word_1_107' title='bbox 340 1907 371 1975; x_wconf 76' lang='lat'><strong>2.</strong></span> <span class='ocrx_word' id='word_1_108' title='bbox 395 1906 445 1975; x_wconf 84' lang='lat' dir='ltr'><strong>ho</strong></span> <span class='ocrx_word' id='word_1_109' title='bbox 467 1910 642 1992; x_wconf 79' lang='lat' dir='ltr'><strong>prophetico</strong></span> <span class='ocrx_word' id='word_1_110' title='bbox 669 1908 815 1974; x_wconf 67' lang='lat' dir='ltr'><strong>ructatio</strong></span> <span class='ocrx_word' id='word_1_111' title='bbox 843 1908 901 1990; x_wconf 73' lang='lat' dir='ltr'><strong>plot</strong></span> <span class='ocrx_word' id='word_1_112' title='bbox 925 1925 980 1989; x_wconf 85' lang='lat' dir='ltr'><strong>per</strong></span> <span class='ocrx_word' id='word_1_113' title='bbox 1002 1902 1143 1988; x_wconf 82' lang='lat' dir='ltr'><strong>Aopclos.</strong></span> <span class='ocrx_word' id='word_1_114' title='bbox 1169 1907 1210 1990; x_wconf 67' lang='grc' dir='ltr'><strong>ἡ.</strong></span> <span class='ocrx_word' id='word_1_115' title='bbox 1237 1904 1296 1988; x_wconf 79' lang='lat' dir='ltr'><strong>Sic,</strong></span> 
     </span>
     <span class='ocr_line' id='line_1_18' title="bbox 268 1993 1296 2083; baseline -0.005 -20"><span class='ocrx_word' id='word_1_116' title='bbox 268 1998 346 2083; x_wconf 91' lang='lat' dir='ltr'><strong>quia</strong></span> <span class='ocrx_word' id='word_1_117' title='bbox 376 2001 455 2063; x_wconf 91' lang='lat' dir='ltr'><strong>sunt</strong></span> <span class='ocrx_word' id='word_1_118' title='bbox 478 1997 578 2063; x_wconf 90' lang='lat' dir='ltr'><strong>medii</strong></span> <span class='ocrx_word' id='word_1_119' title='bbox 600 1998 689 2062; x_wconf 90' lang='lat' dir='ltr'><strong>inter</strong></span> <span class='ocrx_word' id='word_1_120' title='bbox 711 1997 815 2062; x_wconf 89' lang='lat' dir='ltr'><strong>Deum</strong></span> <span class='ocrx_word' id='word_1_121' title='bbox 839 1999 873 2061; x_wconf 89' lang='lat' dir='ltr'><strong>et</strong></span> <span class='ocrx_word' id='word_1_122' title='bbox 895 1994 1056 2073; x_wconf 91' lang='lat' dir='ltr'><strong>homines,</strong></span> <span class='ocrx_word' id='word_1_123' title='bbox 1078 1993 1120 2060; x_wconf 91' lang='lat' dir='ltr'><strong>ad</strong></span> <span class='ocrx_word' id='word_1_124' title='bbox 1136 2014 1229 2078; x_wconf 89' lang='lat' dir='ltr'><strong>quos</strong></span> <span class='ocrx_word' id='word_1_125' title='bbox 1246 1997 1296 2062; x_wconf 80' lang='lat' dir='ltr'><strong>de-</strong></span> 
     </span>
     <span class='ocr_line' id='line_1_19' title="bbox 267 2082 1296 2170; baseline -0.004 -18"><span class='ocrx_word' id='word_1_126' title='bbox 267 2088 381 2153; x_wconf 85' lang='lat' dir='ltr'><strong>terunt</strong></span> <span class='ocrx_word' id='word_1_127' title='bbox 414 2086 544 2154; x_wconf 90' lang='lat' dir='ltr'><strong>divinas</strong></span> <span class='ocrx_word' id='word_1_128' title='bbox 580 2084 839 2152; x_wconf 84' lang='lat' dir='ltr'><strong>illuminationes</strong></span> <span class='ocrx_word' id='word_1_129' title='bbox 873 2089 907 2151; x_wconf 88' lang='lat' dir='ltr'><strong>et</strong></span> <span class='ocrx_word' id='word_1_130' title='bbox 942 2082 1176 2167; x_wconf 86' lang='lat' dir='ltr'><strong>revelationes,</strong></span> <span class='ocrx_word' id='word_1_131' title='bbox 1220 2085 1296 2170; x_wconf 88' lang='lat' dir='ltr'><strong>quia</strong></span> 
     </span>
     <span class='ocr_line' id='line_1_20' title="bbox 269 2171 1296 2260; baseline -0.005 -19"><span class='ocrx_word' id='word_1_132' title='bbox 269 2194 369 2260; x_wconf 89' lang='lat' dir='ltr'><strong>opera</strong></span> <span class='ocrx_word' id='word_1_133' title='bbox 391 2175 451 2242; x_wconf 87' lang='lat' dir='ltr'><strong>Dei</strong></span> <span class='ocrx_word' id='word_1_134' title='bbox 473 2179 553 2243; x_wconf 90' lang='lat' dir='ltr'><strong>sunt</strong></span> <span class='ocrx_word' id='word_1_135' title='bbox 575 2174 739 2255; x_wconf 87' lang='lat' dir='ltr'><strong>ordinata,</strong></span> <span class='ocrx_word' id='word_1_136' title='bbox 762 2175 863 2255; x_wconf 92' lang='lat' dir='ltr'><strong>idest,</strong></span> <span class='ocrx_word' id='word_1_137' title='bbox 887 2174 1002 2240; x_wconf 90' lang='lat' dir='ltr'><strong>intima</strong></span> <span class='ocrx_word' id='word_1_138' title='bbox 1025 2192 1084 2258; x_wconf 86' lang='lat' dir='ltr'><strong>per</strong></span> <span class='ocrx_word' id='word_1_139' title='bbox 1107 2171 1225 2240; x_wconf 90' lang='lat' dir='ltr'><strong>media</strong></span> <span class='ocrx_word' id='word_1_140' title='bbox 1250 2173 1296 2239; x_wconf 73' lang='lat' dir='ltr'><strong>di«</strong></span> 
     </span>
     <span class='ocr_line' id='line_1_21' title="bbox 269 2269 1296 2445; baseline -0.007 -22"><span class='ocrx_word' id='word_1_141' title='bbox 269 2269 472 2438; x_wconf 45' lang='lat' dir='ltr'><strong>{paricidam</strong></span> <span class='ocrx_word' id='word_1_142' title='bbox 497 2374 571 2439; x_wconf 86' lang='lat' dir='ltr'><strong>quae</strong></span> <span class='ocrx_word' id='word_1_143' title='bbox 606 2356 654 2418; x_wconf 90' lang='lat' dir='ltr'><strong>est</strong></span> <span class='ocrx_word' id='word_1_144' title='bbox 688 2353 846 2439; x_wconf 82' lang='lat' dir='ltr'><strong>perfectio</strong></span> <span class='ocrx_word' id='word_1_145' title='bbox 880 2352 1077 2445; x_wconf 89' lang='lat' dir='ltr'><strong>voluntatis,</strong></span> <span class='ocrx_word' id='word_1_146' title='bbox 1100 2350 1296 2420; x_wconf 80' lang='lat' dir='ltr'><strong>infunditur</strong></span> 
     </span>
     <span class='ocr_line' id='line_1_22' title="bbox 270 2441 1296 2527; baseline -0.002 -15"><span class='ocrx_word' id='word_1_147' title='bbox 270 2445 458 2512; x_wconf 89' lang='lat' dir='ltr'><strong>immediate</strong></span> <span class='ocrx_word' id='word_1_148' title='bbox 481 2466 500 2510; x_wconf 92' lang='lat' dir='ltr'><strong>a</strong></span> <span class='ocrx_word' id='word_1_149' title='bbox 523 2445 602 2523; x_wconf 88' lang='lat' dir='ltr'><strong>Deo,</strong></span> <span class='ocrx_word' id='word_1_150' title='bbox 623 2446 681 2510; x_wconf 91' lang='lat' dir='ltr'><strong>sed</strong></span> <span class='ocrx_word' id='word_1_151' title='bbox 706 2442 877 2527; x_wconf 88' lang='lat' dir='ltr'><strong>prophetia</strong></span> <span class='ocrx_word' id='word_1_152' title='bbox 907 2445 956 2507; x_wconf 83' lang='lat' dir='ltr'><strong>est</strong></span> <span class='ocrx_word' id='word_1_153' title='bbox 979 2441 1135 2526; x_wconf 83' lang='lat' dir='ltr'><strong>perfectio</strong></span> <span class='ocrx_word' id='word_1_154' title='bbox 1160 2441 1296 2510; x_wconf 69' lang='lat' dir='ltr'><strong>intelle«</strong></span> 
     </span>
     <span class='ocr_line' id='line_1_23' title="bbox 269 2531 1296 2619; baseline -0.002 -18"><span class='ocrx_word' id='word_1_155' title='bbox 269 2540 351 2615; x_wconf 90' lang='lat' dir='ltr'><strong>ctus,</strong></span> <span class='ocrx_word' id='word_1_156' title='bbox 374 2535 409 2602; x_wconf 91' lang='lat' dir='ltr'><strong>in</strong></span> <span class='ocrx_word' id='word_1_157' title='bbox 434 2553 535 2619; x_wconf 87' lang='lat' dir='ltr'><strong>quem</strong></span> <span class='ocrx_word' id='word_1_158' title='bbox 557 2533 657 2600; x_wconf 86' lang='lat' dir='ltr'><strong>stiam</strong></span> <span class='ocrx_word' id='word_1_159' title='bbox 680 2532 794 2617; x_wconf 80' lang='lat' dir='ltr'><strong>hugeli</strong></span> <span class='ocrx_word' id='word_1_160' title='bbox 818 2535 953 2616; x_wconf 86' lang='lat' dir='ltr'><strong>possunt</strong></span> <span class='ocrx_word' id='word_1_161' title='bbox 983 2531 1186 2614; x_wconf 84' lang='lat' dir='ltr'><strong>imprimere.</strong></span> <span class='ocrx_word' id='word_1_162' title='bbox 1215 2533 1296 2599; x_wconf 92' lang='lat' dir='ltr'><strong>ltem</strong></span> 
     </span>
     <span class='ocr_line' id='line_1_24' title="bbox 270 2620 1296 2711; baseline -0.004 -21"><span class='ocrx_word' id='word_1_163' title='bbox 270 2627 384 2711; x_wconf 78' lang='lat' dir='ltr'><strong>gratiae</strong></span> <span class='ocrx_word' id='word_1_164' title='bbox 422 2625 522 2710; x_wconf 79' lang='lat' dir='ltr'><strong>gratis</strong></span> <span class='ocrx_word' id='word_1_165' title='bbox 550 2623 635 2690; x_wconf 89' lang='lat' dir='ltr'><strong>datae</strong></span> <span class='ocrx_word' id='word_1_166' title='bbox 665 2623 897 2688; x_wconf 89' lang='lat' dir='ltr'><strong>attribuuntur</strong></span> <span class='ocrx_word' id='word_1_167' title='bbox 931 2620 1070 2706; x_wconf 88' lang='lat' dir='ltr'><strong>Spiritui</strong></span> <span class='ocrx_word' id='word_1_168' title='bbox 1098 2625 1238 2704; x_wconf 84' lang='lat' dir='ltr'><strong>sancto,</strong></span> <span class='ocrx_word' id='word_1_169' title='bbox 1262 2626 1296 2688; x_wconf 92' lang='lat' dir='ltr'><strong>ul</strong></span> 
     </span>
     <span class='ocr_line' id='line_1_25' title="bbox 270 2711 1296 2799; baseline -0.003 -20"><span class='ocrx_word' id='word_1_170' title='bbox 270 2715 377 2798; x_wconf 90' lang='lat' dir='ltr'><strong>primo</strong></span> <span class='ocrx_word' id='word_1_171' title='bbox 402 2712 577 2799; x_wconf 91' lang='lat' dir='ltr'><strong>principio,</strong></span> <span class='ocrx_word' id='word_1_172' title='bbox 600 2712 657 2778; x_wconf 89' lang='lat' dir='ltr'><strong>sed</strong></span> <span class='ocrx_word' id='word_1_173' title='bbox 681 2732 740 2796; x_wconf 88' lang='lat' dir='ltr'><strong>per</strong></span> <span class='ocrx_word' id='word_1_174' title='bbox 759 2712 884 2778; x_wconf 84' lang='lat' dir='ltr'><strong>medios</strong></span> <span class='ocrx_word' id='word_1_175' title='bbox 909 2711 1063 2796; x_wconf 65' lang='lat' dir='ltr'><strong>Angelum</strong></span> <span class='ocrx_word' id='word_1_176' title='bbox 1084 2714 1119 2776; x_wconf 90' lang='lat' dir='ltr'><strong>et</strong></span> <span class='ocrx_word' id='word_1_177' title='bbox 1141 2712 1296 2796; x_wconf 84' lang='lat' dir='ltr'><strong>operatio</strong></span> 
     </span>
     <span class='ocr_line' id='line_1_26' title="bbox 270 2799 1092 2886; baseline -0.004 -17"><span class='ocrx_word' id='word_1_178' title='bbox 270 2804 483 2872; x_wconf 82' lang='lat' dir='ltr'><strong>instrumenti</strong></span> <span class='ocrx_word' id='word_1_179' title='bbox 506 2802 630 2869; x_wconf 91' lang='lat' dir='ltr'><strong>dicitur</strong></span> <span class='ocrx_word' id='word_1_180' title='bbox 651 2821 720 2868; x_wconf 90' lang='lat' dir='ltr'><strong>esse</strong></span> <span class='ocrx_word' id='word_1_181' title='bbox 744 2800 934 2886; x_wconf 91' lang='lat' dir='ltr'><strong>principalis</strong></span> <span class='ocrx_word' id='word_1_182' title='bbox 956 2799 1092 2886; x_wconf 84' lang='lat' dir='ltr'><strong>agentis.</strong></span> 
     </span>
    </p>

    <p class='ocr_par' dir='ltr' id='par_1_6' title="bbox 246 2890 1297 3410">
     <span class='ocr_line' id='line_1_27' title="bbox 246 2890 1296 2977; baseline -0.001 -15"><span class='ocrx_word' id='word_1_183' title='bbox 246 2894 314 2963; x_wconf 87' lang='lat' dir='ltr'><strong>Art.</strong></span> <span class='ocrx_word' id='word_1_184' title='bbox 338 2894 370 2962; x_wconf 85' lang='grc'><strong>3.</strong></span> <span class='ocrx_word' id='word_1_185' title='bbox 393 2892 442 2961; x_wconf 83' lang='lat' dir='ltr'><strong>hu</strong></span> <span class='ocrx_word' id='word_1_186' title='bbox 465 2893 504 2960; x_wconf 84' lang='lat' dir='ltr'><strong>od</strong></span> <span class='ocrx_word' id='word_1_187' title='bbox 522 2894 714 2977; x_wconf 80' lang='lat' dir='ltr'><strong>prophetiam</strong></span> <span class='ocrx_word' id='word_1_188' title='bbox 735 2894 912 2975; x_wconf 77' lang='lat' dir='ltr'><strong>requiretur</strong></span> <span class='ocrx_word' id='word_1_189' title='bbox 939 2890 1096 2976; x_wconf 79' lang='lat' dir='ltr'><strong>dispositio</strong></span> <span class='ocrx_word' id='word_1_190' title='bbox 1123 2894 1296 2960; x_wconf 79' lang='lat' dir='ltr'><strong>naturalis.</strong></span> 
     </span>
     <span class='ocr_line' id='line_1_28' title="bbox 270 2979 1296 3070; baseline 0.001 -20"><span class='ocrx_word' id='word_1_191' title='bbox 270 2986 306 3070; x_wconf 71' lang='lat' dir='ltr'><strong>il.</strong></span> <span class='ocrx_word' id='word_1_192' title='bbox 329 2984 411 3063; x_wconf 88' lang='lat' dir='ltr'><strong>Non,</strong></span> <span class='ocrx_word' id='word_1_193' title='bbox 434 2983 511 3068; x_wconf 87' lang='lat' dir='ltr'><strong>quia</strong></span> <span class='ocrx_word' id='word_1_194' title='bbox 536 2984 621 3049; x_wconf 87' lang='lat' dir='ltr'><strong>Deus</strong></span> <span class='ocrx_word' id='word_1_195' title='bbox 644 3001 740 3049; x_wconf 91' lang='lat' dir='ltr'><strong>causa</strong></span> <span class='ocrx_word' id='word_1_196' title='bbox 771 2981 966 3047; x_wconf 91' lang='lat' dir='ltr'><strong>universalis</strong></span> <span class='ocrx_word' id='word_1_197' title='bbox 996 2981 1031 3047; x_wconf 93' lang='lat' dir='ltr'><strong>in</strong></span> <span class='ocrx_word' id='word_1_198' title='bbox 1061 2979 1191 3064; x_wconf 80' lang='lat' dir='ltr'><strong>agendo</strong></span> <span class='ocrx_word' id='word_1_199' title='bbox 1225 3003 1296 3050; x_wconf 93' lang='lat' dir='ltr'><strong>non</strong></span> 
     </span>
     <span class='ocr_line' id='line_1_29' title="bbox 267 3069 1297 3158; baseline 0.002 -20"><span class='ocrx_word' id='word_1_200' title='bbox 267 3072 478 3158; x_wconf 87' lang='lat' dir='ltr'><strong>praerequirit</strong></span> <span class='ocrx_word' id='word_1_201' title='bbox 500 3072 747 3156; x_wconf 90' lang='lat' dir='ltr'><strong>dispositionem</strong></span> <span class='ocrx_word' id='word_1_202' title='bbox 770 3070 806 3137; x_wconf 93' lang='lat' dir='ltr'><strong>in</strong></span> <span class='ocrx_word' id='word_1_203' title='bbox 841 3071 995 3152; x_wconf 88' lang='lat' dir='ltr'><strong>materia,</strong></span> <span class='ocrx_word' id='word_1_204' title='bbox 1017 3069 1076 3136; x_wconf 89' lang='lat' dir='ltr'><strong>sed</strong></span> <span class='ocrx_word' id='word_1_205' title='bbox 1108 3071 1209 3137; x_wconf 89' lang='lat' dir='ltr'><strong>simul</strong></span> <span class='ocrx_word' id='word_1_206' title='bbox 1238 3093 1297 3158; x_wconf 91' lang='lat' dir='ltr'><strong>pc·</strong></span> 
     </span>
     <span class='ocr_line' id='line_1_30' title="bbox 268 3160 1296 3245; baseline -0.001 -16"><span class='ocrx_word' id='word_1_207' title='bbox 268 3167 331 3229; x_wconf 86' lang='lat' dir='ltr'><strong>test</strong></span> <span class='ocrx_word' id='word_1_208' title='bbox 354 3161 513 3227; x_wconf 87' lang='lat' dir='ltr'><strong>inducere</strong></span> <span class='ocrx_word' id='word_1_209' title='bbox 536 3166 570 3227; x_wconf 89' lang='lat' dir='ltr'><strong>et</strong></span> <span class='ocrx_word' id='word_1_210' title='bbox 603 3161 785 3241; x_wconf 87' lang='lat' dir='ltr'><strong>materiam,</strong></span> <span class='ocrx_word' id='word_1_211' title='bbox 809 3165 842 3226; x_wconf 91' lang='lat' dir='ltr'><strong>et</strong></span> <span class='ocrx_word' id='word_1_212' title='bbox 864 3160 1130 3245; x_wconf 88' lang='lat' dir='ltr'><strong>dispositionem,</strong></span> <span class='ocrx_word' id='word_1_213' title='bbox 1153 3166 1189 3225; x_wconf 91' lang='lat' dir='ltr'><strong>et</strong></span> <span class='ocrx_word' id='word_1_214' title='bbox 1227 3165 1296 3230; x_wconf 83' lang='lat' dir='ltr'><strong>for·</strong></span> 
     </span>
     <span class='ocr_line' id='line_1_31' title="bbox 269 3247 1296 3336; baseline 0 -16"><span class='ocrx_word' id='word_1_215' title='bbox 269 3271 373 3320; x_wconf 91' lang='lat' dir='ltr'><strong>mam:</strong></span> <span class='ocrx_word' id='word_1_216' title='bbox 396 3252 454 3318; x_wconf 90' lang='lat' dir='ltr'><strong>sed</strong></span> <span class='ocrx_word' id='word_1_217' title='bbox 483 3249 661 3335; x_wconf 88' lang='lat' dir='ltr'><strong>speculatio</strong></span> <span class='ocrx_word' id='word_1_218' title='bbox 689 3249 836 3316; x_wconf 88' lang='lat' dir='ltr'><strong>scientiae</strong></span> <span class='ocrx_word' id='word_1_219' title='bbox 867 3249 1009 3336; x_wconf 88' lang='lat' dir='ltr'><strong>requirit</strong></span> <span class='ocrx_word' id='word_1_220' title='bbox 1039 3247 1296 3335; x_wconf 88' lang='lat' dir='ltr'><strong>dispositionem</strong></span> 
     </span>
     <span class='ocr_line' id='line_1_32' title="bbox 269 3343 465 3410; baseline -0.026 0"><span class='ocrx_word' id='word_1_221' title='bbox 269 3343 465 3410; x_wconf 88' lang='lat' dir='ltr'><strong>naturalem.</strong></span> 
     </span>
    </p>

    <p class='ocr_par' dir='ltr' id='par_1_7' title="bbox 246 3429 1294 3786">
     <span class='ocr_line' id='line_1_33' title="bbox 246 3429 1294 3515; baseline 0.003 -15"><span class='ocrx_word' id='word_1_222' title='bbox 246 3431 314 3500; x_wconf 82' lang='lat' dir='ltr'><strong>Art.</strong></span> <span class='ocrx_word' id='word_1_223' title='bbox 349 3433 381 3500; x_wconf 84' lang='lat' dir='ltr'><strong>h.</strong></span> <span class='ocrx_word' id='word_1_224' title='bbox 418 3430 469 3497; x_wconf 81' lang='lat' dir='ltr'><strong>Aa</strong></span> <span class='ocrx_word' id='word_1_225' title='bbox 502 3432 679 3514; x_wconf 80' lang='lat' dir='ltr'><strong>requiretur</strong></span> <span class='ocrx_word' id='word_1_226' title='bbox 714 3429 833 3496; x_wconf 82' lang='lat' dir='ltr'><strong>bouitas</strong></span> <span class='ocrx_word' id='word_1_227' title='bbox 865 3449 984 3498; x_wconf 77' lang='lat' dir='ltr'><strong>muom</strong></span> <span class='ocrx_word' id='word_1_228' title='bbox 1017 3431 1056 3497; x_wconf 85' lang='lat' dir='ltr'><strong>od</strong></span> <span class='ocrx_word' id='word_1_229' title='bbox 1086 3433 1294 3515; x_wconf 71' lang='lat' dir='ltr'><strong>prophetiam.</strong></span> 
     </span>
     <span class='ocr_line' id='line_1_34' title="bbox 271 3517 1294 3607; baseline 0.002 -19"><span class='ocrx_word' id='word_1_230' title='bbox 271 3525 306 3607; x_wconf 65' lang='lat' dir='ltr'><strong>ri.</strong></span> <span class='ocrx_word' id='word_1_231' title='bbox 329 3521 417 3600; x_wconf 89' lang='lat' dir='ltr'><strong>Non,</strong></span> <span class='ocrx_word' id='word_1_232' title='bbox 446 3520 523 3605; x_wconf 89' lang='lat' dir='ltr'><strong>quia</strong></span> <span class='ocrx_word' id='word_1_233' title='bbox 558 3519 701 3603; x_wconf 88' lang='lat' dir='ltr'><strong>pertinet</strong></span> <span class='ocrx_word' id='word_1_234' title='bbox 735 3519 777 3585; x_wconf 90' lang='lat' dir='ltr'><strong>ad</strong></span> <span class='ocrx_word' id='word_1_235' title='bbox 812 3519 1033 3603; x_wconf 89' lang='lat' dir='ltr'><strong>intellectum,</strong></span> <span class='ocrx_word' id='word_1_236' title='bbox 1070 3517 1165 3585; x_wconf 91' lang='lat' dir='ltr'><strong>cuius</strong></span> <span class='ocrx_word' id='word_1_237' title='bbox 1197 3527 1294 3590; x_wconf 91' lang='lat' dir='ltr'><strong>actus</strong></span> 
     </span>
     <span class='ocr_line' id='line_1_35' title="bbox 270 3609 1294 3695; baseline 0.002 -19"><span class='ocrx_word' id='word_1_238' title='bbox 270 3611 427 3695; x_wconf 82' lang='lat' dir='ltr'><strong>praecedit</strong></span> <span class='ocrx_word' id='word_1_239' title='bbox 461 3614 571 3676; x_wconf 90' lang='lat' dir='ltr'><strong>actum</strong></span> <span class='ocrx_word' id='word_1_240' title='bbox 606 3609 799 3689; x_wconf 84' lang='lat' dir='ltr'><strong>voluntatis,</strong></span> <span class='ocrx_word' id='word_1_241' title='bbox 830 3609 864 3676; x_wconf 92' lang='lat' dir='ltr'><strong>in</strong></span> <span class='ocrx_word' id='word_1_242' title='bbox 889 3629 954 3695; x_wconf 89' lang='lat' dir='ltr'><strong>qua</strong></span> <span class='ocrx_word' id='word_1_243' title='bbox 989 3616 1037 3675; x_wconf 86' lang='lat' dir='ltr'><strong>est</strong></span> <span class='ocrx_word' id='word_1_244' title='bbox 1072 3609 1234 3692; x_wconf 80' lang='lat' dir='ltr'><strong>charitas3</strong></span> <span class='ocrx_word' id='word_1_245' title='bbox 1262 3618 1294 3681; x_wconf 90' lang='lat' dir='ltr'><strong>et</strong></span> 
     </span>
     <span class='ocr_line' id='line_1_36' title="bbox 269 3698 1292 3786; baseline 0.005 -19"><span class='ocrx_word' id='word_1_246' title='bbox 269 3700 347 3783; x_wconf 90' lang='lat' dir='ltr'><strong>quia</strong></span> <span class='ocrx_word' id='word_1_247' title='bbox 370 3699 542 3786; x_wconf 85' lang='lat' dir='ltr'><strong>prophetia</strong></span> <span class='ocrx_word' id='word_1_248' title='bbox 565 3698 664 3765; x_wconf 90' lang='lat' dir='ltr'><strong>datur</strong></span> <span class='ocrx_word' id='word_1_249' title='bbox 684 3698 913 3767; x_wconf 87' lang='lat' dir='ltr'><strong>inutilitatem</strong></span> <span class='ocrx_word' id='word_1_250' title='bbox 929 3698 1090 3780; x_wconf 75' lang='lat' dir='ltr'><strong>moleste,</strong></span> <span class='ocrx_word' id='word_1_251' title='bbox 1106 3699 1191 3766; x_wconf 87' lang='lat' dir='ltr'><strong>sicut</strong></span> <span class='ocrx_word' id='word_1_252' title='bbox 1205 3701 1292 3774; x_wconf 87' lang='lat' dir='ltr'><strong>aliae</strong></span> 
     </span>
    </p>
   </div>
   <div class='ocr_carea' id='block_1_5' title="bbox 0 0 1306 4210">
    <p class='ocr_par' dir='ltr' id='par_1_8' title="bbox 0 0 1306 4210">
     <span class='ocr_line' id='line_1_37' title="bbox 0 0 1306 4210; baseline 0 0"><span class='ocrx_word' id='word_1_253' title='bbox 0 0 1306 4210; x_wconf 95' lang='lat' dir='ltr'><strong> </strong></span> 
     </span>
    </p>
   </div>
  </div>
 </body>
</html>
