2604 4210
417 95 493 146 mvl
516 93 666 146 nucum.
945 75 1011 150 ale

5 167 157 180 Q

35 229 92 294 sed
113 229 140 294 si
163 230 207 296 sit
221 249 299 296 cum
320 231 491 297 allectione
506 232 649 315 quadam
672 229 957 313 concupiscentiae,
974 234 1056 298 tunc

35 323 83 381 est
105 319 287 401 culpabilis.
310 319 406 397 Item,
429 320 456 384 si
479 339 575 386 causa
596 321 638 386 sit
666 319 845 404 spiritualis
869 322 902 386 et
925 321 1055 386 extrin-

33 426 121 487 seca,
157 409 257 488 idest,
291 408 439 475 Daemon
463 429 502 476 ex
526 410 594 476 sola
620 429 679 476 sua
711 407 931 495 malignitate,
969 412 1054 476 tunc

34 498 132 562 bomo
156 517 226 564 uon
251 501 379 582 peccat;
407 500 464 564 sed
486 501 514 564 si
537 502 635 564 bomo
669 496 809 584 vigilans
844 519 912 565 uon
936 517 970 564 se
996 519 1055 583 pa·

34 587 122 652 ravit
144 591 260 654 contra
284 588 449 654 illusiones
471 587 649 667 Damonis,
674 595 723 654 est
746 587 930 672 culpabilis.

5 673 80 742 Art.
105 674 136 744 6.
160 676 213 744 Aa
226 683 364 761 stuprum
378 681 423 744 cit
434 698 498 746 uno
513 680 622 762 specics
640 679 782 746 lucarie.
796 679 831 761 ll.
844 677 906 757 Sic,
924 677 1057 762 quando
1161 717 1162 724 κ

34 765 129 849 virgo
152 767 354 847 defloratur,
377 772 411 834 ct
433 775 481 834 est
503 768 651 851 specialis
685 767 874 834 deformitas
897 786 939 833 ex
963 771 1056 850 parte

36 855 163 937 puellae,
188 861 222 922 et
244 857 362 941 patris,
385 861 418 922 et
442 862 575 924 tenetur
597 857 782 924 satisfacere
817 857 935 940 puellae
958 858 1056 923 sedu-

35 949 107 1021 ctae,
129 945 208 1011 licet
230 966 298 1012 uon
324 946 357 1012 vi
380 952 554 1030 corruptae,
577 952 610 1013 et
633 948 732 1013 etiam
757 947 842 1030 patri
866 946 995 1030 puellae.

7 1031 78 1100 Art.
105 1033 135 1101 7.
163 1032 214 1102 Aa
235 1043 342 1120 raptos
355 1039 520 1120 sitspccics
537 1037 668 1106 luxurio
691 1035 837 1103 distincto
853 1055 872 1102 n
886 1043 1001 1119 stupro.
1021 1035 1054 1120 ει.

36 1123 68 1187 ln
93 1124 205 1208 aliquo
228 1145 304 1192 casu
320 1127 376 1205 sic,
392 1127 569 1212 aliquando
586 1147 666 1207 non,
681 1127 757 1211 quia
774 1130 889 1209 raptus
913 1129 962 1190 est
977 1144 1055 1191 cum

34 1212 204 1296 violentia,
220 1216 353 1300 quando
376 1215 410 1281 vi
426 1216 514 1282 illam
538 1217 682 1293 abducit,
702 1216 779 1282 licet
800 1236 869 1283 uon
885 1215 919 1280 vi
943 1213 1054 1283 violet.

34 1301 125 1382 item,
147 1303 176 1368 si
199 1305 346 1386 viduam,
369 1305 423 1371 vel
446 1308 637 1389 corruptam
662 1305 778 1390 rapiat,
802 1308 851 1371 est
873 1308 995 1389 raptus.

34 1391 47 1419 *
70 1393 170 1472 ltem,
193 1413 331 1478 sponsus
354 1395 388 1459 vi
412 1396 564 1462 auterens
587 1415 605 1460 e
628 1396 726 1461 domo
750 1395 853 1478 patris
872 1413 1054 1481 sponsam,

34 1501 102 1548 nou
126 1487 177 1548 cst
199 1487 328 1567 raptus,
360 1484 437 1568 quia
460 1487 559 1552 habet
592 1484 725 1570 aliquod
748 1483 799 1550 ius
823 1485 857 1550 iu
884 1503 1055 1568 sponsam,

32 1573 88 1638 sed
112 1576 228 1656 peccat
250 1593 291 1638 ex
314 1573 481 1640 violentia.
515 1573 612 1653 ltem,
644 1579 737 1658 rapta
761 1580 811 1640 cst
834 1573 925 1660 prius
959 1574 1055 1640 resti·

34 1662 169 1741 luenda,
192 1666 369 1747 antequam
393 1665 608 1730 contrahatur
631 1683 707 1729 cum
732 1684 770 1730 ea
794 1663 1053 1742 matrimonium,

33 1769 123 1817 seclis
148 1751 398 1819 matrimonium
420 1756 468 1818 est
493 1753 643 1818 illicitum
667 1753 752 1843 (non
776 1757 868 1818 tenet
883 1755 956 1838 post
971 1751 1057 1820 Con·

34 1840 146 1908 cilium
165 1840 425 1928 Tridentinum).

13 1925 74 1996 Art.
98 1931 132 1998 8.
159 1929 210 1998 Aa
232 1931 414 1999 adulterium
437 1934 481 1998 cit
500 1930 700 2000 marmirolo
717 1933 827 2014 specics
853 1932 984 1998 luxurio
1009 1930 1055 1998 di·

31 2023 145 2087 slinctn
167 2020 205 2086 ab
227 2021 309 2088 ollis.
335 2024 369 2106 ri.
393 2021 462 2101 Sic,
486 2026 519 2087 et
542 2025 697 2106 peccatur
720 2027 835 2088 contra
858 2020 1054 2098 castitatem,

33 2115 62 2174 ct
84 2114 204 2179 contra
227 2112 353 2178 bonum
382 2111 602 2196 generationis
637 2111 795 2192 bominis,
826 2112 901 2200 quia
925 2112 1054 2177 accedit

33 2201 71 2265 ad
99 2221 170 2266 non
205 2219 299 2266 suam
332 2203 523 2286 coniugem,
554 2207 587 2266 et
618 2202 757 2286 impedit
791 2203 916 2268 bonum
952 2199 1053 2285 prolis

33 2289 159 2369 alienae,
182 2295 217 2355 et
239 2290 328 2356 idem
351 2290 474 2357 dicitur
497 2291 538 2356 de
561 2291 712 2358 adultera
735 2292 921 2376 coniugata.

33 2374 47 2404 *
67 2378 271 2464 Corriugatus
294 2399 432 2463 peccans
458 2399 588 2463 semper
604 2385 652 2447 est
666 2382 808 2459 adulter,
831 2381 889 2446 sed
905 2381 946 2447 ex
962 2384 1056 2464 parte

34 2468 175 2553 cognite
211 2473 315 2554 potest
337 2489 404 2536 esse
426 2469 646 2550 adulterium,
681 2473 844 2555 stuprum,
870 2469 1053 2537 fornicatio.

32 2557 120 2641 lum,
147 2560 277 2625 adulter
303 2562 352 2624 est
375 2561 432 2643 qui
448 2559 550 2626 violat
567 2562 667 2626 tidem
693 2559 907 2636 matrimonii,
922 2559 980 2625 sed
995 2559 1054 2643 qui

32 2646 107 2714 iacit
130 2651 248 2716 contra
275 2651 401 2716 bonum
436 2649 639 2716 matrimonii
673 2649 848 2717 inhoneste
879 2669 918 2713 eo
941 2652 1055 2730 utens,

31 2737 105 2803 licet
128 2738 231 2805 tidem
255 2758 323 2806 non
347 2737 466 2819 violet,
489 2743 601 2805 tarum
627 2739 813 2825 aliqualiter
836 2739 967 2805 adulter
989 2737 1054 2804 dici

31 2831 147 2910 potest.
182 2827 280 2908 ltem,
304 2827 339 2894 in
363 2831 479 2912 stupro
502 2832 535 2894 et
557 2829 720 2896 adulterio
755 2829 897 2896 violatur
932 2827 1054 2895 mulier

31 2916 100 2984 sine
123 2917 321 2987 concubitu:
346 2917 373 2984 si
396 2920 440 2985 ob
454 2917 705 2986 delectationem
729 2920 925 3003 procuretur
948 2917 1056 3003 pollu-

32 3007 89 3087 lio;
115 3008 169 3074 vel
194 3007 230 3074 in
252 3007 432 3074 concubitu
448 3028 525 3074 cum
543 3006 658 3087 bestia,
675 3009 759 3076 idest
781 3007 974 3089 bestialitas;
998 3007 1053 3076 vel

32 3096 56 3162 si
78 3115 158 3164 cum
180 3098 362 3166 concubitu
384 3116 453 3164 uon
476 3097 520 3164 ad
543 3097 693 3164 debitum
717 3117 847 3179 sexum,
863 3103 903 3164 ut
917 3097 1054 3164 masculi

32 3205 106 3252 cum
137 3188 296 3266 masculo,
321 3191 354 3254 et
376 3187 520 3254 foeminae
544 3206 620 3252 cum
651 3188 804 3270 loeruina,
831 3193 866 3254 et
888 3188 1055 3254 est'sodo·

33 3277 112 3344 mia:
137 3277 191 3342 vel
214 3275 241 3343 si
257 3296 325 3344 non
341 3281 494 3352 servetur
521 3277 638 3343 modus
655 3279 815 3346 naturalis
830 3277 1051 3356 concubendi,

33 3368 80 3431 vel
104 3368 235 3434 ratione
270 3366 482 3434 instrumenti
505 3385 573 3432 non
597 3368 717 3450 debili,
748 3369 799 3434 vel
826 3369 935 3454 quoad
969 3366 1052 3432 alios

34 3463 255 3523 monstruosos
277 3461 311 3520 et
334 3455 482 3523 bestiales
509 3457 632 3522 modos.

17 3547 76 3614 Art.
98 3548 132 3616 9.
153 3545 205 3614 Aa
231 3547 341 3614 citiam
370 3553 478 3612 cocao
511 3553 655 3613 lentarum
682 3549 726 3614 sit
753 3549 920 3614 monimum
948 3564 1053 3630 peccc-

36 3643 92 3704 torn
114 3641 200 3707 iuter
221 3637 332 3721 species
356 3635 500 3704 leona.
525 3639 561 3722 ri.
579 3635 642 3719 Sic,
662 3638 741 3722 quia
757 3638 899 3708 maxime
915 3635 954 3704 iit
976 3656 1054 3705 con-
