2622 4210
437 71 515 122 mvi
538 67 682 120 anona.
963 54 1028 122 319

12 145 57 154 .-

32 203 191 289 aliqnid:
222 225 316 271 senus
344 208 372 272 si
399 211 478 273 sunt
505 207 615 274 minus
639 207 793 286 vitanda,
818 210 856 272 ut
878 208 936 292 qui
960 211 1073 290 peceat

30 295 92 359 ad
114 294 252 361 vitanda
282 298 366 362 mata
397 297 560 382 eorporis,
595 298 653 364 sed
688 297 850 365 minuitur
885 301 1071 380 peceatum,

32 385 125 467 quia
150 384 261 451 minus
285 388 523 453 voluntarium.

388 565 567 650 oonsno
590 567 716 635 cxxvi.

185 751 276 813 De
305 750 456 815 vitio
481 729 911 816 intimiditatiS.

12 921 94 992 Art.
119 923 151 991 t.
172 922 223 991 Αιι
257 926 443 994 intimiditas
469 929 513 993 sit
543 935 708 1012 peccatam.
739 927 773 1008 ii.
804 923 837 990 Si
867 945 935 993 non
965 924 1070 999 timet,

37 1034 124 1098 quae
154 1015 255 1080 debet
284 1016 436 1082 ordinate
465 1017 583 1083 timere
613 1020 740 1100 peceat,
771 1015 848 1099 quia
878 1013 1072 1080 naturaliter

35 1105 148 1170 debet
170 1123 283 1170 amare
306 1106 425 1185 vitam;
449 1111 483 1171 et
506 1108 590 1172 velle
612 1126 681 1172 esse
703 1105 927 1187 impavidum,
951 1109 999 1170 est
1022 1102 1072 1168 vi·

39 1193 187 1272 tiosnm,
217 1193 288 1259 sive
317 1199 470 1262 causetur
504 1197 635 1263 deiectu
669 1193 805 1274 amonis,
843 1195 897 1261 vel
932 1192 1073 1259 elatione

36 1283 163 1362 animi,
188 1285 240 1348 vel
263 1284 441 1350 stoliditate
463 1285 623 1352 vincibili.

17 1373 96 1439 Art.
121 1373 153 1439 2.
175 1371 226 1440 Aa
250 1394 310 1440 esse
332 1375 516 1459 impavidum
540 1382 710 1461 opponatur
732 1372 924 1457 fortitudini.
956 1375 991 1457 m.
1020 1371 1072 1438 Sie

40 1482 109 1544 per
132 1462 298 1529 detectum
322 1463 465 1543 timoris,
496 1464 580 1531 sieut
609 1465 767 1530 timiditas
795 1484 854 1546 pei·
887 1482 1071 1543 excessum,

42 1552 127 1636 quia
160 1553 255 1618 tortis
284 1555 384 1620 debet
413 1556 582 1621 moderate
617 1554 733 1620 timere
765 1553 853 1638 qnod
881 1557 914 1618 et
937 1554 1071 1638 qnando

41 1645 195 1724 oportet,
227 1647 260 1708 et
289 1646 473 1712 seeundum
504 1644 677 1712 rationem.
706 1643 804 1724 item,
833 1645 939 1725 potest
961 1662 1030 1710 esse
1053 1662 1072 1708 a

42 1732 162 1799 multis
186 1733 302 1802 causis.

379 1913 557 2000 QUAESTIO
580 1911 722 1984 cxxvn.

348 2099 442 2164 De
481 2097 752 2164 audacia.

27 2271 95 2343 Art.
123 2273 155 2341 t.
181 2272 232 2341 Αιι
253 2276 381 2344 audacia
401 2279 627 2361 stemmatum.
653 2278 688 2362 ii.
711 2275 773 2355 Sic,
797 2272 875 2359 quia
898 2274 946 2339 est
964 2271 1070 2357 passio

47 2385 168 2432 carens
199 2368 425 2434 moderatione
456 2368 608 2448 rationis,
637 2368 696 2433 sed
722 2367 749 2432 si
776 2369 826 2430 est
856 2365 1024 2430 moderata
1051 2382 1071 2429 a

48 2455 198 2535 ratione,
234 2477 303 2524 non
337 2461 385 2522 est
415 2461 602 2541 peecatum,
629 2458 686 2523 sed
718 2456 824 2522 virtus
853 2451 1070 2520 fortitudinis.

49 2545 131 2612 item
166 2549 302 2630 quando
328 2546 435 2614 virtus
462 2551 511 2614 est
537 2546 744 2614 innominata
771 2548 909 2611 venatur
933 2542 1071 2610 nomine

49 2637 222 2717 passionis,
246 2642 285 2702 ut
305 2657 391 2719 spes.

33 2722 93 2791 Art.
118 2726 150 2794 2.
177 2723 226 2794 Αιι
248 2727 376 2794 audacia
398 2733 566 2813 opponatur
588 2727 780 2810 soatitodioi.
814 2725 849 2809 it.
880 2723 921 2789 Ut
948 2726 997 2790 est
1023 2722 1074 2790 vi·

51 2815 146 2898 tium,
170 2815 227 2898 sie,
251 2837 311 2902 per
333 2837 517 2899 excessum
542 2821 576 2884 et
597 2818 704 2886 oritur
728 2837 769 2884 ex
791 2813 962 2901 superbia.

373 2997 552 3082 Quaestio
576 2995 732 3068 cxxviii.

140 3182 235 3246 De
259 3183 540 3262 par-tibus
565 3178 962 3248 fortitudinis·

40 3351 96 3424 m.
126 3358 160 3425 t.
190 3357 242 3426 Αιι
264 3365 368 3442 parta
397 3331 591 3443 testitudinis
621 3361 834 3427 convenienter
860 3361 1069 3424 nommetur.

59 3448 239 3608 {vesigntlg
256 3453 315 3531 est,
339 3449 594 3536 magnificentia,
617 3449 748 3532 fiducia,
772 3449 932 3535 patientia
947 3450 1072 3530 etpen·
