2632 4212
273 145 337 220 ιιι
531 156 576 216 ux
602 157 769 218 saeuum
794 147 971 214 sueonum

755 237 1137 252 mum
1143 237 1281 246 Μ’
1305 241 1306 254 p

251 301 494 378 inchoationem
518 298 697 377 atrocitatis,
722 318 783 366 trec
807 298 939 381 respicit
963 317 1111 382 poenam,
1141 301 1181 363 ut
1209 317 1287 381 pro·

252 393 361 478 prium
384 392 559 476 objectum.

228 485 296 551 Art.
320 483 351 550 9.
375 482 424 549 Aa
455 483 547 548 timor
576 482 619 546 ait
640 479 750 546 dorium
779 479 915 563 Spiritus
943 477 1061 546 Sancti.
1092 480 1126 563 rt.
1161 477 1288 544 Filialis

249 574 307 651 stc,
330 572 407 657 qula
431 572 581 638 habilitat
603 569 753 636 animum
783 589 825 636 ne
850 573 1012 652 repugnet
1043 569 1146 636 motui
1177 568 1289 652 Spiri-

252 668 304 728 tus
326 661 447 728 Sancti.
924 707 926 711 -

229 751 298 820 Art.
323 751 376 819 ro.
395 754 451 817 du
474 759 622 818 crescente
644 752 791 818 charitate
814 751 973 816 maceratur
1004 752 1105 818 timor.
1136 751 1172 833 rt.
1211 747 1290 816 Ser·

254 843 327 908 vilis
348 843 406 920 sio,
430 841 536 907 lilialis
558 845 698 925 augetur
722 861 764 906 no
786 841 942 906 ollendat.
1034 865 1038 872 ·

231 931 299 1000 Art.
324 931 377 999 ll.
399 929 452 996 dn
477 933 568 997 timor
590 939 748 996 enacarat
776 932 810 995 ia
835 931 949 1012 patria.
981 930 1018 1013 ιι.
1046 929 1196 1009 Servilio,
1236 931 1289 996 vot

254 1041 351 1107 poena
376 1039 457 1100 non,
480 1020 587 1086 filialis
609 1020 666 1096 sio,
689 1025 723 1085 ει
747 1019 946 1103 perficietur,
967 1020 1027 1086 scd
1052 1036 1120 1086 non
1145 1020 1291 1086 luubehlt

254 1112 550 1189 condemnatum,
575 1114 612 1174 ut
635 1110 704 1188 trio,
728 1108 804 1195 quia
830 1129 898 1175 non
926 1108 1021 1174 timet
1045 1111 1169 1176 malum
1193 1111 1292 1194 quod

255 1207 363 1287 potest
383 1205 462 1278 duee,
486 1202 543 1267 soil
568 1203 660 1266 tenet
684 1199 819 1278 utinum,
843 1199 932 1282 quod
956 1219 1023 1266 noo
1048 1200 1148 1278 deest,
1170 1204 1204 1268 ει
1222 1201 1293 1268 erit

254 1310 390 1358 securus
420 1290 535 1370 timor,
560 1289 594 1355 ld
616 1293 681 1368 εει,
703 1289 793 1356 nolle
822 1308 957 1371 pooamc
980 1307 1039 1372 per
1063 1289 1294 1373 tranquillita-

257 1386 324 1448 tem
345 1379 526 1448 ananum
976 1410 978 1418 π

256 1472 271 1502 *
293 1470 330 1538 ln
352 1469 421 1536 lleo
443 1489 513 1537 non
537 1474 586 1536 est
611 1469 720 1550 timor,
744 1468 779 1534 in
803 1468 930 1536 Sanctis
953 1488 1023 1536 non
1047 1473 1095 1534 est
1118 1488 1205 1552 apes.

233 1562 302 1630 Art.
321 1560 379 1649 ιβ.
410 1557 461 1626 Aa
490 1567 652 1644 paupertas
682 1559 817 1642 Spiritus
851 1562 895 1627 ait
923 1559 1074 1628 beatitate
1097 1559 1297 1643 responderat

257 1651 331 1718 torro
356 1653 487 1717 timoris.
513 1652 547 1734 ri.
571 1649 634 1729 Sto,
658 1651 735 1734 quia
754 1649 920 1730 omnibus,
936 1656 969 1716 ot
984 1671 1018 1716 sc
1036 1649 1150 1716 relicto
1166 1651 1297 1733 sullici-

257 1748 312 1807 tur
336 1741 402 1807 lico
427 1739 579 1806 liliallter.

253 1830 270 1860 '¹'
295 1832 413 1898 luctus
437 1851 505 1898 uon
530 1831 665 1910 directo,
689 1830 746 1896 sod
771 1850 812 1896 ex
836 1831 1061 1915 consequenti.

627 2009 807 2094 QllAES‘llO
832 2010 897 2076 ΧΧ.

411 2194 534 2262 ‚De
567 2194 738 2257 vitiis
766 2195 1080 2273 oppositis·

236 2373 304 2441 Art.
329 2371 359 2440 l.
383 2371 432 2440 Aa
456 2369 623 2455 desperatio
653 2373 697 2438 eit
717 2376 880 2454 pecatum.
912 2373 946 2456 ri.
969 2371 1038 2451 Sic,
1070 2370 1137 2439 imo
1168 2371 1303 2455 prinei·

259 2465 349 2548 pium
375 2467 603 2548 peecatorum,
636 2467 677 2526 et
699 2463 781 2528 dicit
811 2461 1062 2528 conversionem
1092 2463 1136 2526 ad
1158 2462 1304 2546 aliquod

257 2551 534 2619 communicabile
559 2553 704 2632 bonum;
728 2556 979 2635 consequenter,
1004 2557 1037 2618 ut
1060 2550 1237 2630 indirecte,
1266 2553 1303 2620 id

258 2647 318 2723 est,
342 2641 593 2708 occasionaliter
617 2647 666 2706 εει
689 2663 707 2706 a
732 2642 862 2708 timore.

234 2732 304 2800 Art.
327 2732 359 2800 2
383 2730 431 2799 do
456 2730 625 2816 desperatio
648 2732 746 2814 poerit
767 2750 829 2798 erse
851 2734 919 2798 aiae
942 2731 1134 2816 infidelitate.
1165 2731 1201 2814 d.
1224 2731 1302 2814 Sic,

255 2822 335 2906 qula
365 2823 447 2888 litlcs
475 2827 524 2888 est
548 2820 640 2906 prior
670 2841 740 2904 spo.
771 2821 851 2888 llum
882 2823 964 2888 tides
986 2826 1035 2887 est
1064 2822 1100 2886 in
1125 2803 1302 2903 intellectu

258 2910 516 2991 universalium,
552 2911 738 2994 desperatio
770 2910 805 2976 in
841 2911 989 2995 appetitu
1026 2911 1301 2994 particularium

256 3003 314 3066 sed
340 3004 444 3084 potest
467 3001 542 3086 quis
565 3005 655 3068 recto
681 3000 836 3068 extimari
860 3002 895 3066 ln
920 3000 1112 3078 uniuersali,
1132 3000 1191 3066 sed
1210 3004 1305 3070 male

247 3089 292 3156 -in
329 3089 538 3173 peniculon,
568 3094 606 3156 ut
636 3093 727 3175 quod
755 3092 799 3156 sit
829 3091 1032 3174 sperandum
1061 3089 1097 3156 tn
1129 3089 1212 3168 Deo,
1237 3095 1303 3160 sed

256 3180 345 3264 quod
374 3178 438 3246 sibi
473 3179 507 3246 iu
542 3180 598 3244 tali
631 3199 708 3247 casu
740 3200 808 3248 uon
835 3181 881 3248 sit
903 3199 976 3264 spes
1007 3181 1114 3246 reniae
1137 3187 1304 3265 corrupta

255 3268 471 3336 extimatione
493 3269 580 3336 eirca
605 3269 820 3352 particulare.

255 3358 354 3443 *Qui
380 3364 475 3443 putat
504 3358 654 3424 divinam
686 3358 951 3426 miscricordiam
983 3379 1049 3426 non
1081 3377 1151 3426 csse
1181 3359 1303 3428 inlini·

256 3452 332 3528 lam,
357 3456 405 3514 cst
429 3448 588 3526 inlidelis;
613 3450 670 3514 sed
695 3450 888 3532 desperans,
915 3471 983 3516 non
1007 3454 1053 3516 cel
1070 3448 1127 3528 sio,
1142 3451 1202 3516 seu
1221 3471 1303 3534 pro·

255 3543 328 3622 pter
357 3539 502 3624 aliquam
534 3537 768 3622 particularem
811 3540 1058 3622 dispositionem
1095 3544 1188 3622 ptrtat
1226 3561 1298 3608 non

252 3647 320 3694 esse
343 3630 546 3712 sperandum
571 3629 613 3696 do
636 3630 754 3696 divina
787 3629 1023 3696 miserit-ordia.

229 3717 300 3784 Art,
322 3716 353 3786 3.
378 3721 428 3784 Aa
451 3719 619 3802 desperatio
641 3723 688 3785 ait
709 3723 881 3788 maaiaurm
904 3729 1105 3801 moratorum.
1134 3720 1168 3802 it.
1196 3719 1299 3786 Exce-
