2604 4210
426 155 503 207 orvr
527 153 673 206 aueum.
958 140 1023 208 363

51 289 162 373 gratiae
186 289 288 374 gratis
311 291 404 359 daton.
429 291 487 355 sed
521 289 672 367 charitas,
696 293 734 354 ut
764 290 898 358 affectus
921 293 1066 361 hominis

51 381 225 448 ordinetur
249 380 284 445 in
309 377 423 445 Deum.
452 379 532 445 ltem
567 379 739 464 prophetia
774 384 878 463 potest
914 381 1069 465 impediri

53 489 110 552 per
133 469 301 554 passiones
323 470 443 535 animae
466 471 499 535 et
528 471 706 535 exteriores
729 470 888 549 actiones,
913 472 990 558 quia
1024 475 1067 540 ad

50 579 122 624 eam
146 559 331 645 requiritur
354 557 498 625 maxima
527 557 647 625 mentis
680 559 820 626 elevatio
843 561 885 627 ad
920 566 1069 630 contem·
1167 594 1171 599 ·

52 650 232 730 plationem
256 647 489 732 spiritualium.

48 735 69 766 *
91 738 178 816 ltem,
204 739 337 823 quando
360 739 531 823 prophetia
555 739 654 805 datur
677 756 745 806 uon
769 738 874 805 solum
898 758 958 824 pre
981 740 1068 823 aliis,

49 829 108 893 sed
131 848 192 911 pro
226 825 445 895 illustratione
474 828 617 911 propriae
641 827 777 908 mentis,
801 832 883 894 tunc
916 849 984 896 non
1019 839 1069 898 cst

49 917 123 984 sine
146 917 251 1002 gratia
286 920 416 1002 gratum
451 917 602 984 iaciente.
626 917 706 982 ltem
730 916 846 983 divina
880 919 968 985 dona
999 940 1068 987 non

51 1026 182 1092 semper
197 1008 322 1074 dantur
337 1007 469 1091 optimis
486 1007 689 1090 simpliciter,
700 1007 758 1073 sed
773 1008 972 1093 quandoque
987 1010 1068 1090 aliis,

51 1099 109 1182 qui
132 1101 212 1165 sunt
235 1096 350 1179 optimi
374 1099 536 1182 quantum
559 1098 602 1163 ad
625 1096 705 1162 doni
722 1097 979 1180 perceptionem.

29 1185 100 1254 Art.
122 1187 153 1256 ll.
175 1185 226 1253 Ao
248 1189 352 1271 clipea
371 1189 531 1271 propitatio
552 1189 597 1252 sit
617 1206 636 1251 a
657 1186 860 1254 Moenibus.
874 1190 909 1272 rt.
925 1188 1068 1274 Prophe-

54 1278 100 1342 tia
121 1277 256 1360 proprie
278 1281 311 1342 et
333 1277 525 1361 simpliciter
552 1294 613 1360 per
639 1278 742 1342 solam
770 1277 921 1342 divinam
945 1279 1070 1345 revela·

51 1367 194 1444 tionem,
222 1366 281 1432 sed
313 1366 449 1433 Daemon
486 1369 591 1450 potest
625 1365 851 1450 prophetizare
884 1371 1069 1435 secuudum

51 1455 143 1540 quid,
165 1457 251 1521 idest
273 1456 390 1538 lacere,
407 1459 446 1522 ut
461 1458 560 1522 homo
575 1462 749 1541 cognoscat
764 1476 838 1538 quae
857 1459 971 1540 procul
988 1465 1069 1527 sunt

51 1565 71 1610 a
105 1545 293 1630 cognitione
322 1547 508 1624 intellectus
530 1545 686 1624 humani,
710 1564 785 1630 quae
808 1545 989 1626 Daemones,
1016 1568 1069 1616 co·

51 1639 216 1720 guoecunt
252 1636 464 1715 naturaliter,
487 1639 520 1703 et
549 1654 721 1721 nonsquae
754 1635 814 1702 soli
837 1636 904 1704 Deo
938 1639 1070 1725 cognita

49 1728 139 1792 sunt.

52 1812 67 1843 *
90 1813 170 1880 ltem
194 1814 365 1882 Daemones
388 1815 600 1883 manifestant
623 1834 697 1900 quae
718 1814 839 1900 sciunt,
863 1835 931 1882 non
956 1837 1015 1902 per
1031 1817 1069 1884 il·

51 1904 304 1972 luminationem
327 1905 524 1984 intellectus,
547 1906 605 1970 sed
629 1924 688 1988 per
710 1903 939 1989 imaginariam
971 1907 1070 1975 visio-

51 2013 142 2077 nem,
165 1996 218 2060 vel
252 1993 451 2063 sensibiliter
486 1995 667 2080 loquendo,
690 1999 723 2060 et
759 1994 806 2060 sie
828 1995 927 2062 etiam
955 1997 1072 2063 delicit

50 2083 110 2150 ista
136 2084 354 2152 manifestatio
376 2105 395 2151 a
411 2103 491 2150 vera
515 2086 698 2168 prophetia.
713 2082 794 2150 ltem
809 2085 982 2170 prophetia
998 2085 1072 2152 1)ae-

51 2173 160 2240 mouis
182 2194 201 2240 a
224 2174 338 2241 divina
362 2177 468 2258 potest
491 2173 641 2258 cognosci
665 2173 827 2258 aliquibus
849 2175 950 2260 signis
980 2180 1070 2242 exte·

51 2263 203 2342 rioribus,
228 2265 305 2349 quia
328 2265 482 2332 Diabolus
505 2264 682 2349 aliquando
706 2264 822 2330 falsum
847 2264 945 2344 dicit,
968 2265 1070 2350 Spiri-

52 2357 102 2419 tus
127 2357 260 2420 sanctus
283 2374 467 2440 nunquam.

32 2442 93 2510 Art.
120 2441 152 2510 6.
175 2440 226 2509 Ao
244 2447 397 2528 propltctoe
412 2445 589 2511 pomonam
603 2444 766 2528 aliqnando
777 2443 1070 2528 prudieaotccrum.

53 2535 86 2618 ἡ.
109 2531 172 2611 Sic,
197 2534 312 2600 saltem
334 2537 519 2601 secundum
541 2533 677 2619 aliquid.

53 2639 61 2659 ·
83 2621 270 2706 Prophetiee
286 2621 481 2690 Deemcnum
505 2643 573 2690 uon
592 2641 721 2707 semper
744 2624 928 2708 loquuntur
943 2643 985 2690 ex
998 2624 1072 2690 1)ae-

52 2729 190 2780 mouum
214 2713 424 2791 revelatione,
440 2715 498 2781 sed
521 2713 698 2796 aliquando
717 2731 758 2780 ex
780 2713 998 2798 inspiratione
1021 2714 1071 2780 di·

54 2801 140 2885 vina,
167 2801 245 2885 quia
269 2801 354 2871 Deus
372 2805 479 2870 utitur
497 2803 590 2869 malis
613 2804 656 2869 ad
678 2806 813 2882 bonum,
838 2804 940 2870 immo
965 2806 1071 2872 bouus

53 2891 191 2976 Angelus
215 2896 321 2975 potest
344 2895 490 2960 revelare
513 2891 734 2960 Daemonibus.
749 2891 827 2959 ltem
851 2894 984 2978 propria
999 2894 1072 2960 Dre-

55 2997 190 3046 monum
214 2981 375 3050 dicuutur
396 3003 465 3050 esse
488 2983 553 3061 illa,
578 3001 652 3066 quae
667 2984 826 3051 habenta
848 2983 970 3068 seipsis,
988 2984 1072 3051 idest

55 3069 225 3136 mendacia
248 3075 283 3137 et
305 3077 453 3157 peccata3
469 3075 526 3139 sed
550 3090 624 3156 quae
648 3074 819 3155 pertinent
834 3073 877 3139 ad
901 3070 1070 3159 propriam

56 3163 209 3226 naturam
234 3179 301 3226 non
326 3165 449 3230 habeut
472 3161 630 3243 aseipsis‚
646 3163 705 3228 sed
727 3183 746 3229 a
769 3163 847 3243 Deo,
870 3165 904 3230 et
927 3165 974 3232 sic
997 3182 1070 3246 pos-

55 3253 129 3314 sunt
153 3268 235 3316 vera
258 3255 457 3338 quaudoque
480 3249 671 3337 praedicere.
