2614 4190
276 111 345 186 itt
531 129 577 183 ex
601 127 768 184 snouuon
792 125 969 184 sncnuon

231 203 1274 236 ,..........................-...-.......-

153 277 154 281 ’
254 250 366 318 *Fuit
387 250 576 318 institutum
599 270 618 315 a
641 249 825 330 Christo‚et
839 250 917 335 quia
939 253 1012 316 erat
1025 253 1275 316 sacramentum

254 339 468 426 plenitudinis
491 340 625 426 gratiae,
648 340 723 406 ideo
747 360 815 408 non
840 340 955 408 habuit
978 341 1014 406 in
1039 342 1111 426 lege
1133 341 1278 426 antiqua

252 430 377 516 aliquid
401 431 615 514 respondens.

229 518 299 589 alst.
322 519 415 588 Mo
434 520 575 590 Clerisms
597 522 641 586 sit
660 521 840 587 convenicus
854 522 983 588 muteris
994 521 1084 588 tolus
1100 539 1278 588 consuess-

253 611 827 696 qummmmm.

250 696 267 729 *
287 699 434 768 Christus
457 698 615 784 Apostolis
638 698 731 766 dedit
754 701 906 766 ellectum
929 698 1027 767 huius
1054 699 1128 766 sine
1165 719 1277 766 sacra·

251 794 367 857 mento
387 792 430 857 de
452 788 660 874 plenitudine
683 790 851 873 potestatis
874 789 909 857 in
948 790 1150 857 Pentecoste.
1191 790 1277 856 ltem

251 901 320 947 non
344 883 393 946 est
413 883 658 946 sacramentum
681 878 892 961 necessitatis,
915 883 955 946 ut
988 879 1191 963 baptismns;
1214 880 1279 946 sed

249 970 309 1055 qui
332 970 413 1035 illud
437 965 620 1036 contemnit
642 971 765 1050 peccat.

229 1055 297 1128 det.
313 1059 345 1128 3.
361 1060 413 1125 Ao
426 1061 470 1125 sit
489 1057 525 1125 dc
548 1060 723 1124 ocouutsts
745 1059 836 1125 tutos
858 1060 1053 1140 sousmcuti,
1076 1057 1157 1142 psod
1182 1059 1276 1126 Cle-t

249 1167 315 1216 omo
335 1151 378 1216 sit
396 1152 486 1233 prius
505 1167 562 1232 per
583 1147 762 1234 Episcopum
784 1157 1003 1226 consecratum,
1028 1150 1064 1230 il.
1086 1148 1149 1228 Sic,
1187 1149 1279 1215 sicot

250 1240 360 1306 oleum
384 1240 616 1317 infirmorum
639 1240 673 1303 ct
694 1238 742 1303 sic
763 1239 802 1302 fit
825 1239 959 1323 propria
983 1237 1123 1304 materia
1160 1257 1279 1305 sacra·

251 1328 366 1408 menti,
390 1332 424 1393 et
446 1329 522 1393 licet
544 1325 683 1392 materia
707 1329 886 1410 corporalis
908 1347 976 1394 non
999 1327 1043 1394 sit
1066 1346 1173 1410 capax
1196 1345 1276 1411 gra-

248 1418 325 1496 tiae,
350 1422 388 1484 ut
408 1416 609 1495 subiectum,
641 1415 758 1482 saltem
780 1422 829 1483 est
852 1423 890 1485 ut
905 1418 1154 1483 istrumentum.
1179 1416 1276 1495 Nota,

249 1526 354 1592 acqua
377 1523 437 1590 pro
460 1505 633 1590 baptismo,
655 1508 690 1570 et
712 1506 806 1588 panis
829 1526 890 1590 pro
906 1505 1110 1572 Eucharistia
1128 1525 1200 1572 non
1219 1510 1280 1574 he·

249 1596 464 1677 nedicuntur,
485 1595 564 1680 quia
587 1596 725 1660 luerunt
747 1597 920 1666 benedicta
943 1594 1118 1675 aChristo,
1134 1597 1278 1680 quando

247 1704 309 1752 suo
330 1689 484 1753 contactu
502 1685 566 1750 illis
588 1687 637 1750 est
659 1702 752 1764 usus3
776 1704 845 1752 non
859 1685 906 1752 sio
928 1686 971 1752 dc
993 1684 1073 1752 aliis.

227 1773 298 1844 Art.
322 1775 353 1844 l.
376 1775 426 1844 Au
447 1778 519 1844 llaec
540 1777 584 1840 ait
603 1777 784 1842 couveniens
806 1778 927 1859 immo:
953 1771 1107 1858 Compos
1132 1780 1160 1842 tc
1182 1779 1276 1861 cipue

252 1864 372 1949 Crucis,
397 1873 428 1932 et
448 1867 594 1949 coum
619 1873 647 1930 ts
671 1863 844 1933 atrimae
860 1867 979 1932 utatis.
1003 1865 1043 1932 lu
1065 1868 1191 1932 contus
1213 1869 1275 1934 Po·

248 1958 319 2039 tris,
342 1964 373 2024 ct
392 1956 482 2039 lilii,
506 1963 538 2022 ct
557 1954 694 2038 Spiritus
715 1957 825 2022 sancti.
849 1957 884 2038 il.
907 1954 982 2034 Sic,
1005 1953 1084 2040 quio
1116 1955 1273 2022 continet

247 2045 407 2130 quicquid
429 2045 574 2130 pertinet
595 2045 638 2111 ad
660 2045 723 2109 hoc
745 2049 999 2124 sacramentum,
1014 2061 1160 2126 cauom,
1184 2044 1272 2112 idest

247 2133 443 2201 Trinitatem
450 2153 460 2215 ;
484 2135 597 2212 robur,
621 2134 731 2212 idest,
753 2135 916 2202 confirmo
938 2137 989 2217 te;
1012 2137 1047 2200 et
1066 2133 1206 2220 signum
1228 2134 1270 2202 ed

248 2224 479 2310 pugnandum,
501 2225 659 2308 consigno
683 2227 725 2288 te.

247 2312 262 2340 ⁶
283 2312 425 2399 Apostoli
447 2315 574 2381 dabant
596 2313 752 2380 effectum
775 2315 873 2383 huius
894 2313 1095 2384 sacramenti
1122 2314 1271 2382 miracu·

248 2402 325 2484 lose,
348 2404 395 2470 sic
418 2402 575 2472 Christus.

224 2490 292 2562 Art.
316 2493 347 2560 5.
371 2493 423 2562 Ao
444 2501 665 2563 sacromentum
690 2492 940 2581 destructionis
974 2497 1136 2580 impluat
1159 2498 1268 2565 moro·

246 2591 366 2652 curem.
391 2585 427 2670 d.
450 2583 517 2665 Sic,
538 2585 612 2650 ideo
636 2604 704 2653 non
728 2584 889 2667 iteratum
913 2589 947 2653 et
980 2590 1031 2652 est
1051 2586 1135 2671 quid
1169 2587 1269 2671 spiri·

245 2675 335 2741 tuale
357 2679 572 2760 augmentum
595 2674 638 2740 ad
661 2675 839 2758 perlectam
861 2679 1014 2743 aetatem.
1042 2675 1123 2742 Nam
1149 2678 1269 2743 chara·

247 2767 318 2830 oter
333 2769 381 2831 est
395 2765 558 2850 quaedam
573 2763 750 2849 spiritualis
765 2769 905 2850 potestas
928 2767 969 2832 ad
984 2765 1110 2852 aliquas
1125 2765 1271 2834 actiones

248 2871 357 2920 sacras
378 2855 541 2922 ordinata.

224 2940 295 3011 Art.
318 2942 350 3012 6.
372 2942 423 3010 Au
446 2946 601 3013 claretur
634 2947 876 3030 confirmationis
905 2953 1134 3031 proesuppoust
1164 2947 1273 3015 storo·

246 3039 357 3100 ctercm
378 3035 540 3118 Baptismt.
564 3037 600 3121 il.
624 3035 686 3123 Sic,
701 3055 803 3117 secus,
819 3057 886 3104 non
902 3037 1153 3122 imprimeretur
1159 3053 1169 3115 ;
1187 3037 1269 3121 qnia

244 3141 345 3190 nemo
366 3125 485 3191 crescit
507 3123 571 3191 nisi
607 3125 700 3208 prius
722 3126 765 3192 sit
788 3131 894 3194 natos.

222 3209 290 3280 Art.
313 3211 346 3283 7.
383 3213 514 3299 Asper
547 3221 771 3282 sacromentum
808 3215 1063 3301 destructionis
1092 3217 1276 3299 consuatur

244 3307 349 3388 motio
368 3312 491 3389 prcusm
513 3305 639 3388 {ostoun
664 3306 699 3390 il.
723 3303 786 3384 Sic,
809 3307 886 3391 quia
902 3307 1005 3374 datur
1018 3303 1161 3390 Spiritus
1176 3325 1270 3374 sanc

244 3396 307 3474 tus,
330 3397 364 3461 et
386 3397 485 3461 datur
506 3397 549 3461 nd
572 3397 788 3478 augmentum
804 3399 837 3460 et
852 3397 1103 3462 firmamentum
1119 3393 1265 3460 iustitiae.

244 3481 321 3550 ldeo
343 3503 411 3552 non
433 3484 584 3550 dandum
606 3483 726 3551 adultis
749 3485 993 3568 peccatoribus:
1017 3488 1052 3554 et
1073 3483 1103 3552 si
1125 3484 1265 3554 docter

244 3590 314 3641 non
336 3573 432 3656 lictis,
453 3571 640 3660 reciperent
663 3572 805 3659 primam
828 3575 980 3662 gratiam.
