2608 4220
457 151 536 202 orvs
559 147 705 205 roseum.
881 220 883 224 ¹
970 203 976 218 ,,
990 136 1053 208 831

60 291 147 338 non
170 273 250 356 quia
272 276 320 339 est
343 275 544 356 praeceptum
567 271 636 352 Dei,
660 274 712 338 vel
748 273 904 354 Ecclesiae,
934 278 992 342 scd
1020 274 1099 362 quia

60 361 165 440 facit,
191 366 227 428 ut
250 382 368 446 corpus
391 381 458 427 non
483 361 583 444 possit
606 362 747 428 transire
759 362 795 429 in
812 368 1004 447 potestatem
1022 384 1102 431 eon·

59 450 267 535 sanguinei3
291 472 358 518 non
381 451 428 516 sic
451 456 566 516 votum
588 451 738 535 simplex.
763 453 853 533 ltem,
884 457 1008 522 habens
1040 475 1101 520 vo·

61 543 150 606 tum
173 541 324 624 simplex,
347 541 374 607 si
397 540 563 608 contrahit
584 541 627 606 de
650 542 816 624 praesenti,
840 543 909 609 non
927 549 1033 627 potest
1045 562 1099 610 co-

62 649 237 713 gnoscere
258 649 397 696 uxorem
420 631 491 696 sine
514 634 646 714 peccato
670 632 812 710 mortali,
828 632 904 718 quia
920 635 1029 700 adhuc
1042 654 1101 718 po·

62 722 141 785 test
164 723 281 787 votum
304 720 452 803 implere,
477 718 571 786 verbi
587 720 690 804 gratia
705 720 741 787 in
758 722 928 807 religione,
953 725 1011 789 sed
1027 727 1102 807 post

63 809 397 876 consummationem
420 814 555 876 tenetur
578 810 718 874 reddere
740 811 902 893 debitum,
925 831 1030 879 uxore
1044 832 1105 896 pe·

63 901 170 964 iente
192 919 355 984 expresse,
378 901 430 965 vel
454 899 717 982 interpretatus,
741 900 799 966 sed
822 920 891 966 non
915 906 1022 985 potest
1045 922 1102 986 pe-

64 992 158 1069 tere,
183 990 241 1055 sed
264 994 336 1074 post
358 994 500 1055 mortem
514 987 635 1054 uxoris
657 989 757 1055 debet
777 1007 911 1057 servare
934 996 1061 1058 votum.

38 1074 124 1144 Art.
148 1078 182 1145 2.
205 1077 255 1148 dm
276 1086 379 1147 ootum
400 1080 529 1146 solemne
551 1077 680 1144 dirimet
700 1081 930 1147 matrimonium
952 1083 1015 1147 ism
1030 1099 1098 1148 eom·

67 1174 220 1236 mortem.
246 1171 281 1254 ri.
305 1169 368 1248 Sic,
391 1169 469 1254 quia
491 1173 541 1234 est
563 1169 811 1235 matrimonium
833 1169 1013 1254 spirituale,
1031 1171 1098 1236 imo

65 1257 210 1341 dignius
233 1277 333 1344 quam
355 1260 498 1345 carnale,
521 1262 555 1322 et
577 1261 740 1342 quantum
769 1259 811 1324 ad
838 1259 1099 1338 matrimonium,

66 1347 180 1433 magis
195 1348 318 1433 obligat
332 1349 487 1426 solemne,
504 1365 604 1432 quam
615 1347 764 1432 simplex,
781 1348 857 1414 lieet
869 1350 977 1434 quoad
993 1349 1098 1416 Deum

66 1456 171 1520 seque
193 1437 325 1522 obliget.
348 1437 439 1516 ltem,
462 1437 685 1502 iuramentum
709 1437 823 1504 addito
845 1443 923 1504 voto
945 1437 1097 1523 simplici,

66 1543 143 1591 non
168 1525 296 1592 dirimit
319 1527 569 1592 matrimonium
592 1532 813 1594 contractum.

41 1612 120 1682 Art.
145 1614 177 1684 3.
200 1614 250 1683 Ao
272 1616 344 1688 ordo
366 1616 511 1701 impediat
524 1617 763 1684 matrimonium.
781 1618 816 1700 xp.
830 1617 995 1696 Sacersic,
1015 1619 1096 1702 quia

66 1705 165 1788 apud
187 1705 305 1772 latinos
327 1707 427 1774 habet
449 1710 564 1772 votum
587 1725 767 1773 annexum.
792 1705 882 1785 ltem,
906 1707 995 1790 apud
1010 1726 1097 1791 grae·

68 1813 128 1860 cos
152 1796 233 1862 ordo
256 1815 347 1862 sacer
370 1817 411 1862 ex
433 1815 491 1862 sua
514 1796 549 1860 vi
575 1800 706 1863 tautum
742 1795 892 1878 impedit,
919 1795 978 1880 sed
1006 1798 1095 1879 apud

67 1884 194 1951 latinos
217 1905 258 1951 ex
281 1890 358 1952 voto
386 1884 601 1952 eontinentiae
635 1885 665 1950 ei
695 1903 837 1951 annexo.
869 1884 966 1965 ltem,
1002 1886 1092 1968 apud

67 1993 196 2058 graecos
219 1995 287 2042 non
311 1976 491 2059 impeditur
506 1993 584 2040 usus
597 1973 799 2041 matrimonii
811 1973 903 2058 prius
918 1975 1093 2051 contracti,

67 2065 130 2130 sed
154 2065 243 2148 apud
266 2064 383 2131 latinos
405 2065 461 2144 sic,
493 2068 525 2128 et
554 2064 581 2129 si
611 2063 786 2131 ordinetur
820 2063 1009 2148 ignorante,
1039 2065 1095 2129 vel

68 2154 326 2221 contradicente
349 2172 462 2234 uxore,
486 2172 554 2220 non
577 2154 676 2220 debet
698 2157 732 2219 et
754 2152 975 2236 praeiudicari.

43 2241 117 2312 Art.
141 2241 174 2310 4.
198 2243 249 2312 Au
272 2244 344 2311 ordo
371 2263 455 2312 socer
480 2245 579 2328 possit
603 2246 798 2328 supervenire
825 2243 1035 2310 matrimonio.
1056 2243 1093 2327 ri.

68 2331 154 2413 Non,
178 2333 245 2400 imo
267 2335 434 2415 defuncta,
457 2333 509 2398 vel
532 2332 740 2398 consentient
755 2351 870 2412 uxore,
888 2333 1095 2414 marituspo·

68 2427 136 2488 test
159 2421 289 2508 ingredi
313 2423 516 2508 religionem,
538 2425 572 2486 et
594 2421 754 2498 ordinari,
776 2422 835 2488 sed
857 2422 884 2487 si
919 2421 1095 2487 ordinatur

67 2513 274 2578 reclamante
296 2530 409 2593 uxore,
433 2533 502 2578 non
526 2511 661 2579 habebit
691 2512 920 2577 executionem
954 2509 1091 2590 ordinis,

68 2605 104 2668 et
128 2606 262 2668 tenetur
284 2603 425 2670 reddere
447 2600 596 2668 debitum
618 2602 724 2682 uxori,
747 2600 808 2668 sed
837 2618 922 2667 uxor
952 2619 1019 2666 non
1044 2603 1092 2665 te·

69 2696 175 2758 netur
196 2689 226 2756 si
249 2693 400 2758 reddere.
422 2690 513 2771 item,
536 2691 563 2756 si
586 2709 671 2757 uxor
696 2689 860 2757 consentit
876 2688 1090 2756 ordinationi

68 2781 194 2861 mariti,
218 2784 351 2848 tenetur
374 2785 566 2867 perpetuam
589 2780 830 2847 continentiam
853 2797 984 2859 vovere,
1021 2798 1090 2845 non

69 2875 184 2937 tamen
208 2871 401 2956 religionem
424 2870 559 2948 intrare,
587 2869 651 2936 nisi
680 2870 794 2937 timeat
822 2870 1006 2953 periculum
1033 2888 1088 2935 ca·

69 2960 200 3026 stitatis.
224 2960 314 3040 ltem,
338 2979 434 3028 causa
463 2959 666 3026 matrimonii
688 2963 737 3026 est
764 2979 941 3026 consensus
963 2962 1085 3037 noster,

69 3049 131 3134 qui
154 3055 259 3134 potest
280 3049 435 3134 impediri
457 3070 498 3118 ex
527 3050 645 3118 ordine
668 3050 890 3134 praecedente,
918 3049 976 3117 sed
1005 3048 1087 3142 ordo

70 3139 215 3209 habetur
236 3160 256 3208 a
277 3139 356 3209 Deo.
