2636 4202
449 58 523 108 orvi
547 57 695 110 neone.
1006 39 1051 110 15

49 211 111 279 llrt.
134 211 168 280 Ξ.
192 210 243 280 An
266 206 348 300 Deos
370 231 401 280 se
425 211 590 296 intelligat.
617 215 653 298 ιι.
677 211 746 293 Sic,
771 211 806 278 id
829 217 888 292 εει,
911 232 945 278 se
969 233 1095 298 perse,

68 301 146 388 quia
169 306 218 394 est
242 301 330 369 idem
355 301 557 384 intellectus,
587 306 621 367 et
649 301 685 368 id
711 303 802 388 qnod
826 301 1037 390 inlelligitor;
1063 304 1097 369 et

67 391 192 475 species
215 397 264 458 est
287 391 427 458 essentia
451 391 576 468 divino,
601 411 669 458 non
693 396 741 458 εει
764 393 924 476 potentia.
1034 437 1036 448 ·

49 483 115 550 Art.
138 481 170 550 3.
192 478 244 549 Ao
266 481 349 548 Deos
370 501 402 546 se
424 482 662 566 oomprcliooolot.
694 484 732 571 ιι.
766 481 836 564 Sic,
872 483 949 566 qnia
978 501 1013 550 εε
1044 502 1097 548 co·

69 571 206 658 gnoscit,
231 574 269 637 nt
292 571 511 651 cognoscibile
535 575 593 649 est,
618 571 735 654 idest,
764 571 810 636 nil
835 571 881 637 tui
906 591 982 638 cnm
1006 573 1097 650 latet.

17 745 23 752 Ι
48 661 117 730 Art.
140 661 171 730 t.
195 658 246 729 Ao
268 661 442 747 intelligere
464 661 525 728 Ilei
546 664 589 730 sil
610 664 673 746 ejos
695 661 876 730 substantio.
901 663 940 752 ιι.
963 661 1026 740 Sic‚
1048 681 1098 727 se·

72 771 129 818 cus
151 753 236 816 esset
251 749 293 836 fin
317 749 476 835 potentie.
500 749 536 816 ln
560 751 627 816 Deo
651 751 847 831 intellectus,
872 751 907 817 id
930 752 1020 838 qnod
1043 749 1096 817 in-

73 841 240 926 telligitur,
251 842 376 926 species
392 839 614 926 intelligibilis,
632 843 664 907 et
680 840 863 924 inlelligere
877 847 958 910 sunl
976 839 1095 920 unuln,

73 932 227 1010 elidem,
252 933 285 996 et
308 949 377 999 non
400 935 449 996 εει
472 930 640 1012 accidens3
664 929 848 1013 inlelligere
865 931 1030 1009 divinum,
1047 934 1096 996 est
1230 919 1233 926 '

73 1021 123 1088 sni
145 1019 259 1104 ipsios,
282 1021 316 1085 et
339 1037 407 1086 non
432 1019 575 1098 alterius,
601 1019 675 1085 ideo
691 1038 759 1086 non
777 1021 845 1087 itur
861 1020 896 1087 in
914 1019 1095 1087 inlinitum.

53 1110 119 1180 Art.
141 1111 174 1178 5.
196 1109 247 1178 Ao
270 1111 352 1178 Deos
376 1117 536 1193 cognoscat
557 1111 620 1176 otto
649 1130 731 1176 osc.
760 1112 795 1194 ιι.
826 1107 894 1189 Sic,
931 1110 1009 1196 quia
1044 1130 1098 1176 co·
1157 1178 1164 1188 ,

75 1198 201 1286 gnoscit
224 1219 259 1266 se
282 1200 441 1284 perlecte;
465 1219 544 1286 ergo
568 1205 601 1265 el
625 1199 784 1266 virtutem
813 1217 930 1280 suom,
962 1219 1040 1284 ergo
1064 1203 1097 1265 ει

75 1311 121 1370 ea,
144 1290 187 1357 nd
212 1308 287 1376 quoe
308 1309 343 1356 se
367 1289 526 1355 extendit.
551 1285 630 1355 Item
654 1290 820 1372 cognoscit
843 1289 906 1356 alia
929 1309 998 1356 non
1022 1289 1097 1369 illis,

74 1381 130 1448 sed
153 1379 260 1464 seipso
285 1399 343 1464 per
365 1379 536 1466 propriam
559 1382 592 1445 ει
615 1380 822 1464 adaequatam
844 1377 997 1465 speciem.
1017 1379 1098 1460 ltern

75 1490 142 1538 non
174 1469 346 1554 perficitur
375 1465 461 1534 Deus
490 1467 679 1555 cognitione
707 1487 839 1549 rerum,
863 1469 940 1558 quia
962 1485 1020 1535 sna
1043 1487 1112 1536 c0·.

76 1559 180 1644 gnitio
203 1562 252 1625 est
274 1558 372 1626 Dens.
473 1574 477 1581 ·

57 1649 117 1719 Art.
142 1649 175 1718 6.
197 1647 248 1717 Ao
270 1649 354 1717 Deos
376 1655 535 1734 cognoscet
561 1649 625 1716 olio
651 1669 671 1716 o
700 1669 731 1715 εε
752 1649 882 1734 proprio
912 1651 1097 1733 cognitione.

77 1741 110 1824 ιι.
132 1737 197 1820 Sic,
213 1737 292 1824 qnia
314 1737 481 1826 cognoscit
496 1743 599 1816 carol
623 1739 712 1805 inter
726 1757 761 1806 se
783 1738 1048 1826 distinguuntur,
1066 1743 1098 1806 ct

76 1830 149 1914 quie
172 1831 324 1896 continet
346 1829 381 1894 in
405 1848 439 1894 se
461 1828 606 1913 perfecte
627 1828 750 1896 omnic.

58 1917 118 1986 lrc
140 1917 174 1988 7.
197 1916 249 1986 Ao
270 1920 400 1986 scientio
421 1917 482 1985 Dei
503 1921 547 1984 stt
567 1918 746 1986 discursive.
772 1919 807 2002 ιι.
835 1915 915 1997 Νοιι,
941 1916 1019 2004 quia
1043 1937 1097 1984 oo-

75 2009 201 2094 gnoscit
230 2009 341 2076 omnin
364 2008 478 2089 simul,
502 2028 565 2076 nec
587 2027 693 2075 unum
716 2009 884 2092 cognoscit
907 2027 966 2090 per
989 2005 1099 2090 aliud,

77 2101 151 2184 quia
185 2097 280 2165 videt
314 2098 427 2166 omnia
457 2099 494 2164 in
524 2117 608 2176 nno,
633 2103 667 2164 et
690 2116 803 2164 omnes
825 2099 961 2165 effectos
985 2097 1020 2163 in
1046 2117 1099 2176 se,

75 2207 129 2255 seu
161 2190 196 2255 in
226 2187 382 2267 εεεειιιίε,
413 2189 451 2254 nt
474 2187 509 2254 in
533 2206 644 2268 causo;
674 2189 731 2253 sed
756 2206 825 2256 non
849 2188 1016 2274 cognoscit
1040 2207 1100 2273 per

77 2297 221 2358 causam,
251 2297 313 2344 nec
342 2273 384 2344 en
411 2276 601 2362 cognitione
628 2295 733 2344 cansae
756 2277 923 2363 cognoscit
946 2277 1098 2358 ellectns,

10 2397 11 2408 ι
78 2373 112 2433 nt
135 2388 206 2436 nos.
1080 2413 1083 2417 -

61 2455 122 2524 Art.
145 2459 176 2526 8.
202 2455 251 2526 Ao
283 2457 412 2524 scientio
442 2456 503 2524 Dei
531 2460 575 2524 sit
603 2475 693 2540 conso
723 2477 834 2526 rerum.
867 2457 903 2542 ιι.
938 2455 1006 2536 Sic,
1042 2458 1099 2523 sed

10 2547 12 2558 ’
80 2547 233 2616 adiuncta
256 2548 437 2626 voluntate,
462 2553 495 2612 ει
516 2547 563 2614 sic
586 2547 710 2614 dicitur
732 2545 869 2614 scientia
886 2547 1100 2632 approbatio·

82 2637 129 2702 nis
150 2643 188 2706 nt
211 2640 261 2703 εει
283 2655 377 2706 causo
402 2653 527 2704 rerum.

84 2727 94 2752 ⁸
116 2727 194 2796 Cum
220 2727 352 2806 dicitur,
369 2725 455 2794 Deus
470 2726 638 2811 cognoscit
653 2725 772 2811 aliqua,
789 2725 866 2812 quia
883 2728 995 2793 lutura
1010 2729 1101 2806 sunt,

84 2815 277 2906 intelligitur
298 2816 326 2883 si
348 2816 460 2884 lutura
482 2819 562 2884 sunt
584 2815 761 2902 cognoscit.
786 2814 866 2883 ilem
889 2815 1027 2884 scientia
1042 2815 1101 2884 Dei

84 2911 127 2971 cst
148 2925 245 2975 cansa
269 2923 400 2988 rernm,
423 2925 491 2972 non
515 2907 554 2972 ut
575 2905 643 2973 sint
665 2908 708 2973 ab
730 2909 865 2972 aeterno.
889 2905 970 2973 ltenr
993 2907 1101 2973 scien·

85 2993 125 3062 tio
146 2997 221 3077 Dei,
252 3015 328 3084 qnae
357 2999 408 3064 εει
431 2995 539 3080 prior,
563 2998 611 3062 est
634 3013 790 3062 mensure
814 3015 943 3076 rerum3
968 2995 1027 3064 sed
1050 3015 1102 3062 res

84 3091 157 3152 sunt
178 3105 338 3154 mensuro
361 3090 481 3150 nostrae
503 3085 660 3164 scientiae,
685 3105 759 3171 quoe
783 3091 830 3150 est
854 3085 1026 3168 posterior.

66 3175 124 3243 Art.
145 3177 177 3245 ⁹.
201 3176 251 3244 Ao
275 3177 358 3244 Deus
384 3175 491 3242 lotcot
514 3178 673 3241 scientiam
701 3192 763 3242 lton
798 3177 924 3242 entium.
959 3175 996 3260 ιι.
1033 3174 1102 3260 Sic,

85 3269 117 3331 nt
139 3286 213 3352 qnae
245 3285 316 3332 non
339 3267 418 3332 sunt
440 3268 533 3344 actu,
564 3266 621 3331 sed
650 3285 724 3350 qnae
748 3264 859 3353 aliquo
884 3266 982 3332 modo
1005 3272 1102 3348 sunt,

85 3358 117 3420 nt
138 3354 172 3421 in
198 3354 348 3442 potentig
371 3353 439 3434 Dei,
463 3355 515 3420 vel
542 3357 714 3422 creatnrae.
738 3351 823 3421 Item
843 3355 879 3420 in'
903 3354 969 3422 Deo
986 3375 1103 3422 eorum

85 3461 151 3528 quc
174 3465 244 3514 non
270 3447 351 3512 sunt
373 3443 538 3534 estosed
561 3445 709 3525 luerunt,
734 3445 785 3510 vel
809 3448 919 3523 erunt,
935 3447 983 3512 est
998 3445 1103 3512 scien·

86 3533 124 3600 lia
145 3534 295 3615 visionis,
319 3534 397 3620 quia
421 3538 499 3602 sunt
526 3533 701 3619 praesentia
728 3532 811 3614 Deo,
842 3535 936 3620 cujus
963 3533 1103 3601 intuitus

85 3623 182 3696 lertur
205 3627 243 3696 in
269 3643 370 3696 omne
394 3625 538 3714 tempus:
563 3641 741 3714 quievero
765 3642 833 3692 non
857 3626 946 3724 sunt,
963 3623 1015 3694 vel
1033 3625 1105 3694 lue·
