2636 4202
428 121 506 174 o1v1
530 120 678 176 annun.
812 143 817 152 ·
984 109 1028 180 ts

14 239 76 308 Art.
100 241 133 308 4.
158 239 218 314 An
241 243 337 310 Potri
357 245 519 311 4444444444
537 247 632 311 mitti.
635 246 692 332 rt.
716 243 804 326 Non,
828 245 906 332 quia
928 266 996 316 uon
1022 253 1070 318 est

31 332 71 397 ab
93 332 173 414 alio,
199 332 318 400 lieet
307 353 343 399 m
366 333 461 400 nobis
483 334 609 401 habitet
634 354 694 418 per
716 335 868 421 gratiam.

13 421 74 489 444.
98 423 132 491 5.
161 381 223 492 'nin
259 425 345 491 Filio
379 427 542 493 ronoeniot
573 425 773 493 invisibiliter
806 429 900 496 mitti.
936 427 971 513 44.
1001 428 1068 513 844,

31 512 114 578 sieut
142 521 180 580 et
213 514 356 603 Spiritui
384 513 519 598 Sannio,
551 515 630 600 quia
660 515 747 580 mitti
770 516 983 584 invisibiliter
1006 539 1067 604 per

31 602 171 686 gratiam
208 596 296 670 (44444
327 603 490 689 originem
525 608 567 670 ab
595 605 842 690 adspersam,
873 611 908 672 et
938 625 1066 676 novum

31 693 170 760 modum
197 694 377 762 habitandi
400 695 487 762 illins
510 713 676 779 persooae;
705 697 763 762 sed
787 695 882 762 Pater
906 696 983 764 lieet
1005 703 1066 767 ha·

32 782 112 894 bilai
136 802 205 868 per
230 785 381 868 gratiam,
406 790 517 852 4444444
542 805 611 851 444
635 788 684 850 est
707 787 749 851 ab
772 785 846 850 alio.

32 869 164 940 Lioet
197 873 315 941 omnia
346 875 435 942 dona
467 881 506 940 ut
539 873 629 941 dona
660 875 893 942 attribuuntur
926 873 1066 960 Spiritui

31 959 172 1044 Sancto,
211 968 326 1030 tamen
360 965 488 1049 aliqua,
516 968 555 1031 44
579 981 654 1050 quae
678 966 849 1070 pertinent
871 965 913 1032 ad
938 965 1068 1034 intelle·

31 1055 134 1132 otum,
158 1054 427 1139 appropriantur
444 1054 532 1121 Filio.
551 1054 630 1120 item
647 1054 757 1120 missio
780 1052 921 1137 Spiritus
943 1055 1066 1137 844444,

32 1142 165 1247 quiesi
189 1163 304 1222 amor,
328 1145 583 1211 estseeundum
612 1145 748 1210 modum
779 1143 975 1224 eharitatis,
987 1147 1066 1230 qula

32 1233 144 1301 anima
167 1233 203 1299 44
228 1190 447 1314 4444444444),-
459 1236 518 1301 sed
541 1234 614 1300 Filii
638 1253 708 1300 non
729 1234 917 1300 seeundum
937 1234 1066 1303 intelle·

33 1327 131 1403 dum,
157 1324 224 1390 sed
244 1325 431 1392 seeundum
453 1325 625 1403 attentum,
653 1343 719 1410 quo
742 1322 854 1390 anima
877 1327 1066 1412 prorumpit

34 1411 65 1476 in
86 1431 256 1493 amorem,
279 1418 314 1479 et
335 1411 519 1480 inflammat
541 1415 709 1480 attentum

16 1499 75 1570 444.
98 1503 133 1573 d.
156 1503 213 1573 444
235 1463 378 1571 4444444)
364 1507 459 1572 44444444
460 1505 531 1572 tilis
551 1508 611 1590 tot
630 1505 670 1570 444
691 1518 802 1584 444444,
825 1505 881 1588 qui
901 1511 977 1573 44444
991 1525 1065 1590 por·

37 1595 140 1679 ticipes
163 1598 290 1680 proteo.
314 1596 350 1681 44.
373 1594 436 1676 844,
459 1595 537 1681 quia
559 1593 752 1674 sanctificat,
776 1595 810 1659 44
832 1592 879 1660 ibi
903 1598 957 1662 444
974 1613 1068 1664 novo

35 1685 130 1752 modo
153 1703 311 1770 persona.

37 1773 174 1842 'Etiam
199 1776 264 1842 iuit
287 1775 374 1842 44444
395 1775 438 1841 ad
460 1773 571 1842 Patres
594 1773 716 1842 veteris
730 1771 943 1854 Testamenti,
961 1775 1061 1842 etiam

37 1863 75 1928 ad
103 1865 261 1932 4444444
250 1885 287 1930 44
320 1865 483 1950 principio
508 1864 737 1943 beatitudinis,
760 1865 794 1928 et
818 1881 896 1933 mox
919 1881 979 1946 per
1001 1866 1062 1930 ali·

38 1971 113 2053 44444
143 1955 384 2037 revelationes;
409 1957 469 2020 sed
492 1953 620 2020 Christo
642 1954 705 2050 tuit
727 1951 846 2018 44444
835 1971 871 2018 44
895 1952 1062 2038 principio

38 2041 287 2118 iuraruatioois,
312 2063 381 2110 non
406 2043 528 2128 postea.

21 2127 77 2200 444.
106 2135 139 2202 7.
168 2134 222 2203 An
256 2135 392 2218 Spiritui
425 2135 536 2200 8444444
570 2136 733 2201 conveniat
764 2132 930 2199 visibiliter
964 2136 1062 2203 mitti.

40 2223 69 2303 44.
90 2224 156 2304 844,
179 2229 214 2290 44
238 2226 301 2290 4444
323 2225 537 2304 couveniens,
566 2228 605 2288 ut
618 2226 726 2290 ,homo
751 2242 808 2305 per
833 2222 1019 2304 visibilia,
1010 2244 1063 2290 44·

41 2274 174 2380 visibilia
198 2314 259 2380 Dei
284 2317 467 2397 eognoscat.

43 2403 211 2488 'Spiritus
240 2401 380 2470 Sanetus
411 2408 449 2470 ut
480 2403 596 2469 missus
627 2420 695 2469 nou
724 2405 774 2468 ost
805 2401 917 2468 minor
947 2403 1060 2484 Patre,

42 2492 107 2573 quia
142 2495 201 2560 illa
235 2495 330 2578 sigua
366 2491 637 2575 nou”,assumpsit
661 2492 863 2576 hypostatice
887 2496 925 2560 ut
948 2491 1059 2558 Filius.

44 2578 112 2648 4444)
135 2587 196 2650 has
219 2589 388 2650 creaturas
412 2585 479 2648 tota
501 2583 645 2647 Trinitas
667 2581 753 2659 feeit,
775 2582 832 2648 sed
856 2582 898 2647 ad
922 2582 1060 2648 demon·

42 2674 208 2740 standum
240 2693 344 2740 unam
376 2691 567 2756 personam,
598 2671 674 2736 44444
696 2671 785 2736 44444
808 2689 964 2754 personas
988 2690 1056 2738 nou

42 2759 77 2824 sit
95 2763 289 2842 diversitas3
312 2767 346 2828 44
369 2763 424 2829 4444
446 2762 540 2846 signa
563 2762 700 2826 suerunt
723 2761 864 2830 formata
886 2761 929 2826 ab
950 2759 1060 2844 Auge·

43 2847 87 2931 lio,
114 2858 151 2920 ut
181 2813 414 2937 significarent
442 2869 613 2934 personas,
646 2869 713 2916 non
737 2849 886 2934 Angelos.
910 2848 991 2916 item
1015 2850 1057 2916 ad

43 2937 141 3008 Patres
164 2943 323 3027 antiquos
347 2962 414 3008 non
438 2941 501 3008 luit
524 2942 609 3006 44444
632 2939 742 3005 missio
767 2939 911 3022 proprie,
938 2939 974 3005 id
998 2943 1059 3020 est,

44 3031 77 3096 ad
96 3032 338 3100 attendendam
361 3029 638 3098 inhabitationem
661 3047 891 3114 personarum,
906 3029 965 3095 sed
980 3027 1075 3096 risi·

44 3119 113 3186 biles
133 3121 364 3207 apparitiones
387 3138 616 3204 personarum

27 3207 80 3276 444.
99 3211 129 3280 8.
153 3212 207 3280 dn
229 3211 335 3294 44444444
355 3229 486 3294 persono
508 3212 650 3276 mittatur
673 3210 738 3276 nisi
760 3208 796 3276 44
819 3229 867 3292 44,
883 3226 902 3275 o
917 3227 978 3294 444
993 3227 1061 3294 pro·

42 3301 110 3366 44444
124 3303 329 3371 amantor.
355 3305 391 3384 44
413 3301 447 3367 84
471 3318 610 3382 persona
635 3298 770 3364 mittens
794 3298 1000 3403 intelligatur
1019 3303 1058 3365 ut
1084 3349 1086 3354 .

41 3391 233 3500 4444444444
265 3392 418 3468 eductus,
455 3394 523 3456 tota
542 3387 696 3456 Trinitas
730 3388 890 3468 mittitur,
918 3386 946 3454 si
973 3386 1060 3454 siout

45 3479 234 3567 principium
268 3499 435 3569 personae,
472 3497 546 3566 quoe
576 3477 732 3558 mittitur,
754 3481 836 3546 4444
859 3497 928 3546 unu
951 3475 1058 3543 44444

44 3587 168 3650 perrona
191 3593 212 3639 a
238 3591 306 3658 qua
331 3567 490 3654 propedit.
