2614 4190
414 125 493 176 nivi
516 123 674 176 rnonin.
952 105 1018 176 itt

42 240 279 308 contritionem
315 238 415 327 possit
449 240 518 307 tolli
557 245 625 308 tota
654 259 776 326 poena;
807 245 919 308 emen
953 241 1063 309 ndhnc

43 331 219 410 confessio,
242 330 417 398 satisfactio
439 335 519 397 sunt
541 331 743 410 necessaria,
777 333 850 399 turn
887 328 965 416 quia
994 349 1064 400 non

43 439 161 487 sumus
183 421 266 487 certi
299 422 342 486 de
371 421 516 506 perlecta
548 420 765 502 contritione,
801 426 874 488 tum
909 418 988 506 quia
1016 425 1066 490 εει

43 513 249 594 praeceptum
271 510 494 578 confessionis.

23 601 99 668 Art.
112 600 145 669 2.
163 600 222 668 An
244 603 393 668 counitio
415 603 459 668 sit
478 605 564 668 actos
576 601 715 669 virtutis.
740 603 776 687 rt.
803 599 876 681 Sic,
911 598 989 685 qnia
1016 604 1067 668 εει

42 696 136 756 actos
159 689 359 771 meritorius,
381 709 461 775 crgo
484 689 636 770 virtutis;
660 695 694 757 et
715 689 793 778 qnia
816 693 865 758 εει
878 693 971 758 actus
989 710 1066 776 poe-

42 780 207 860 nitentiae,
230 799 305 865 quae
328 780 470 847 destruit
493 783 678 864 peccatum.

43 870 180 938 *Dolor
208 867 243 936 in
267 873 362 954 parte
383 869 541 936 sensitiva
566 889 635 936 non
670 873 720 935 est
750 869 792 937 de
825 868 965 936 essentia
987 889 1066 937 con·

44 959 200 1046 tritionis‚
223 960 281 1025 scd
304 963 353 1025 est
374 961 530 1026 effectus:
551 960 611 1024 sed
640 959 749 1038 dolor,
779 961 837 1043 qui
866 963 915 1026 εει
941 959 978 1025 in
1006 978 1064 1027 vo·

44 1048 175 1116 luntate
198 1051 247 1114 est
269 1049 428 1116 contritio
450 1047 641 1115 essentialis.
665 1048 758 1129 ltem,
780 1047 816 1114 in
840 1047 1065 1135 spiritualibus

44 1137 174 1206 attritio
196 1143 246 1205 εει
268 1138 482 1224 displicentia
504 1138 715 1222 imperfecta,
749 1138 808 1205 sed
838 1137 995 1206 contritio
1017 1142 1067 1206 est

44 1229 201 1312 perfecta.
985 1279 987 1284 .

24 1317 98 1386 Art.
122 1317 156 1386 3.
178 1317 225 1385 Aa
247 1320 371 1386 attritio
392 1319 492 1404 poscit
510 1319 584 1404 ptari
621 1318 778 1385 multia.
806 1319 842 1403 rt.
880 1315 966 1406 Non,
988 1317 1066 1403 qnia

46 1409 171 1476 habent
195 1407 359 1492 principia
374 1408 513 1476 omnino
528 1408 670 1486 diversa,
685 1407 763 1492 quia
779 1407 957 1475 attritionis
972 1407 1065 1492 prin-

44 1497 170 1580 cipium
194 1501 243 1562 εει
266 1498 366 1565 timor
388 1497 533 1578 servilis;
555 1497 766 1564 contritionis
781 1495 829 1563 est
844 1496 960 1564 filialis.
985 1497 1066 1564 ltem

44 1591 123 1653 sunt
147 1590 250 1668 actus,
273 1593 306 1653 et
330 1608 397 1656 non
421 1586 569 1668 babitus3
593 1590 727 1653 stante
764 1586 959 1654 charitatem
997 1606 1065 1654 non

45 1678 92 1742 est
116 1675 250 1743 habitus
273 1683 310 1744 nt
333 1679 538 1761 producatur
558 1677 666 1744 actus:
690 1680 724 1742 et
745 1676 841 1743 dolor
855 1676 1067 1761 imper-lectus

48 1784 116 1833 non
142 1768 249 1850 potest
272 1766 446 1833 informari
468 1766 668 1832 adveniente
691 1765 873 1845 charitate,
896 1765 974 1851 quia
997 1783 1066 1833 non

47 1860 160 1922 rnanet
183 1855 298 1924 habitu
321 1876 384 1924 nec
406 1860 456 1924 est
478 1855 595 1922 eadem
617 1855 702 1924 ratio
724 1855 767 1922 de
790 1854 905 1923 habitu
920 1852 1010 1937 fidei,
1033 1857 1068 1921 et

45 1943 257 2013 contritione.

422 2137 604 2228 ponsno
627 2139 665 2207 n.

142 2361 237 2429 De
261 2359 656 2430 contritionis
680 2361 940 2428 obiecto.

29 2538 100 2606 Art.
120 2538 152 2606 l.
175 2537 222 2606 llo
243 2540 330 2605 tomo
353 2538 454 2607 debeat
476 2539 595 2606 contri
616 2537 651 2606 dc
670 2542 798 2624 poenis,
823 2546 854 2606 ct
870 2556 943 2606 oon
972 2535 1069 2603 colom

44 2630 78 2696 dc
100 2631 199 2714 culpo.
226 2629 261 2713 li.
287 2629 334 2695 De
357 2629 449 2694 malis
472 2648 588 2712 poenae
613 2630 798 2712 potestesse
812 2628 907 2695 dolor
921 2626 981 2692 sed
999 2644 1068 2693 non

44 2719 224 2800 contritio;
243 2717 321 2802 quia
337 2718 493 2784 contritio
508 2721 558 2784 εει
573 2737 680 2802 poena
697 2716 886 2786 voluntaria
901 2718 943 2784 de
961 2714 1069 2802 culpa,

45 2812 77 2874 et
100 2829 201 2876 nemo
226 2806 316 2874 dolet
338 2803 387 2888 de,
404 2827 522 2892 poena,
546 2825 646 2891 quarn
670 2807 754 2873 vult.

45 2901 54 2924 ”
78 2896 291 2968 Poenitentia
313 2916 388 2981 quas
411 2900 460 2962 est
483 2898 525 2964 de
543 2897 612 2962 vita
628 2896 771 2977 mortali,
788 2917 857 2964 non
874 2899 923 2962 est
939 2892 1070 2962 ratione

47 2989 280 3068 mortalitatis,
303 2987 362 3054 sed
385 2985 514 3053 ratione
552 2990 776 3070 peecatorum,
809 3006 883 3072 qnae
906 2982 986 3053 inde
1009 3003 1070 3052 na·

45 3086 202 3150 scuntnr.
225 3080 317 3155 ltem,
340 3077 434 3144 dolor
458 3078 500 3142 de
523 3076 648 3142 virtute
670 3076 797 3155 amesa,
814 3095 883 3144 non
898 3080 1071 3142 estessen-

49 3172 175 3239 tialitcr
198 3167 367 3249 contritio,
388 3168 446 3234 sed
469 3165 684 3252 principium,
707 3166 785 3253 quia
808 3166 887 3234 hinc
903 3168 1069 3232 movetur.

31 3263 103 3332 Art
120 3261 153 3330 2.
178 3257 225 3328 dc
247 3256 394 3328 contritio
416 3256 518 3326 dolcat
539 3276 600 3325 cssc
628 3257 664 3324 dc
694 3262 816 3344 peccato
850 3255 1009 3342 oripiocli.
1034 3256 1068 3339 ri.

47 3349 188 3436 Proprie
211 3367 290 3429 non,
314 3348 484 3436 quianon
508 3351 557 3414 est
579 3351 786 3418 contractum
824 3365 842 3414 a
878 3349 991 3414 nostra
1013 3361 1070 3410 vo·

50 3445 197 3522 luntate,
221 3442 328 3524 potest
351 3442 462 3506 tamen
486 3457 555 3506 csse
576 3437 792 3522 displicentia,
817 3437 869 3502 vel
893 3435 996 3502 dolor.

36 3533 112 3600 Art.
131 3529 164 3598 3.
186 3529 234 3598 ln
256 3527 410 3598 debeamus
432 3531 550 3596 conteri
571 3527 606 3596 de
628 3530 712 3596 omni
739 3527 853 3594 actuali
877 3532 1008 3608 peccato.
1033 3522 1069 3608 ἡ.

46 3623 108 3706 Sic,
142 3619 219 3709 quia
240 3618 449 3707 'poenitentia
471 3622 519 3688 est
541 3619 584 3689 de
606 3617 759 3686 omnibus
781 3614 932 3701 peccatis,
948 3616 985 3679 ot
1000 3631 1070 3680 me·
