2652 4198
435 155 512 206 nrvr
537 152 685 207 ruonrar.
991 133 1035 201 57

58 309 108 376 int.
128 309 156 378 3.
177 309 227 378 An
252 309 367 394 Anqeli
389 313 628 378 steterentin
654 309 776 394 oralio.'
800 312 835 395 ri.
864 309 1082 376 probabiliter

73 401 116 476 sie,
137 405 242 464 tamea
267 405 450 483 potueruut
467 403 619 466 recedere
635 422 653 465 a
671 401 747 478 Dee,
765 401 841 484 qula
858 401 954 464 eraut
970 399 1078 465 liberi.

58 487 108 553 lrt.
129 489 155 555 l.
177 489 227 556 An
250 489 387 573 Anneius
414 497 532 558 creatu
562 493 710 557 meruerit
736 509 821 556 enom
852 487 1080 557 beatitudinem.

75 581 101 659 ri.
120 578 176 656 Sie,
192 583 229 645 ut
245 581 364 662 homo;
381 581 458 664 quia
474 580 641 646 beatitudo
658 581 788 646 excedit
804 583 959 644 naturam
976 597 1080 645 suam.

59 667 108 733 lrt.
128 669 156 734 5.
178 668 228 734 An
252 667 389 751 Anneius
410 672 514 735 stetim
534 678 605 752 port
625 689 719 736 annm
747 677 847 734 netum
877 669 999 750 anniti,
1029 671 1083 735 lno-

76 755 157 823 lanu
176 757 466 844 lentitudinemrl.
489 759 557 837 Sic,
587 759 671 824 sieut
694 759 847 826 animae
872 773 1010 841 corpore
1033 777 1083 824 se·

74 851 177 929 pamla,
199 849 227 913 si
252 867 325 914 nou
348 849 391 914 sit
413 847 580 932 impedite.
692 891 695 896 -

76 935 185 1003 'letus
207 937 417 1017 meritoriuS,
446 941 478 1003 et
501 937 670 1004 beatificus
694 957 761 1004 uon
786 941 923 1022 possunt
947 955 1014 1003 esse
1036 935 1081 1002 si·

75 1026 138 1103 mul,
160 1044 233 1092 eum
258 1027 418 1092 differant
440 1033 478 1092 ut
500 1028 694 1110 perfeetum,
715 1033 748 1093 et
763 1027 1006 1112 imperfectum,
1021 1028 1080 1093 sed

76 1114 271 1183 intercedunt
307 1117 373 1183 duo
408 1117 582 1197 instantia,
609 1137 683 1202 quae
713 1119 899 1210 morandum
931 1118 1079 1188 diversos

76 1211 159 1283 aelus,
182 1213 250 1272 n'on'
275 1209 462 1272 seeundum
486 1212 616 1289 tempus
639 1212 829 1273 serrantur.
883 1235 886 1240 ·

61 1291 492 1363 irremunerabilia·
520 1299 672 1379 oratiam,
701 1303 733 1364 et
758 1299 890 1380 aleriam
921 1295 1082 1364 seeundum

77 1389 255 1466 quantitatem
283 1405 407 1452 suornm
431 1389 629 1454 naturalium.
659 1388 693 1470 li.
717 1386 784 1467 Sie,
809 1387 886 1474 quia
909 1387 1024 1471 gratie,
1048 1392 1082 1452 et

77 1475 159 1555 gloria
191 1479 319 1558 dantur
353 1478 535 1559 seeundum
571 1480 744 1554 conatum,
776 1479 814 1540 ut
843 1474 983 1560 Angelus
1011 1477 1081 1541 tolo

77 1570 175 1630 eonatu
196 1567 307 1630 iertur
330 1562 365 1630 in
391 1565 646 1644 beatitudiuem,
672 1585 739 1632 non
762 1564 809 1630 sie
833 1563 979 1646 homiui,
1003 1566 1079 1652 quia

78 1651 245 1734 impeditur.

61 1739 111 1808 lrt.
130 1745 157 1810 l.
178 1744 226 1812 An
250 1749 287 1811 in
311 1743 436 1828 Annalis
460 1745 553 1812 beatis
575 1751 733 1812 remaneat
754 1747 889 1830 counitio
911 1745 1077 1810 ‘ntotnrnlia

80 1833 182 1913 risio,
206 1841 238 1901 et
263 1834 365 1900 etiarn
392 1835 538 1915 dileetio,
571 1833 647 1918 quia
685 1836 856 1901 beatitudo
891 1853 959 1899 uon
995 1834 1081 1898 tollit

80 1929 220 2004 naturam,
244 1930 280 1990 et
305 1928 440 2008 possunt
464 1943 531 1990 esse
553 1925 662 1990 simul.
714 1925 716 1934 '

63 2007 112 2076 int.
131 2013 158 2080 8.
179 2014 227 2080 An
251 2014 386 2096 Anneius
410 2013 512 2080 beetur
539 2017 636 2098 possit
663 2033 794 2097 peecare.
831 2015 877 2100 ri:
900 2013 987 2098 Neo,
1022 1999 1080 2078 s'ed

78 2099 143 2166 sieut
163 2107 258 2170 bomo
285 2105 358 2168 vult
379 2106 502 2170 bouum
519 2105 554 2168 in
571 2105 752 2186 communi,
767 2103 814 2169 sie
830 2105 945 2170 beatus
962 2099 1080 2171 Deum.

30 2225 32 2234 ‚
64 2187 112 2255 Art.
130 2192 158 2259 9.
180 2192 229 2260 An
252 2193 366 2276 Atinati
389 2193 467 2258 denti
487 2197 607 2278 possint
632 2197 778 2278 proficere
814 2195 848 2260 in
885 2191 1079 2258 lentitudine.

80 2281 104 2349 lt.
123 2281 194 2363 Nou,
217 2283 299 2368 quia
322 2303 391 2348 noa
414 2288 493 2347 sunt
516 2284 674 2349 viatores:
700 2288 837 2366 possunt
860 2283 981 2348 habere
1000 2299 1080 2365 gau·

79 2369 150 2436 dium
171 2373 387 2454 aeeidentale,
409 2374 468 2439 sed
491 2392 558 2441 non
584 2378 768 2442 mereatur.

406 2639 586 2730 QUAESTIO
610 2643 709 2710 LXlil.

182 2829 277 2896 De
301 2829 679 2908 Angelorum
703 2821 934 2892 malitia

318 2919 515 2998 quoad
541 2921 803 3000 eulpam.

69 3085 115 3158 lrt.
135 3093 160 3162 l.
180 3093 229 3165 rin
252 3097 366 3164 mairem
389 3098 481 3184 canipe
503 3099 600 3182 possit
625 3091 684 3164 esa'e
711 3097 746 3162 tn
776 3091 910 3178 Annalis.
945 3091 980 3176 ri.
1008 3087 1079 3171 Sie,

83 3183 141 3262 qaia
158 3187 191 3252 in
215 3189 262 3254 eis
287 3189 392 3254 virtus
415 3195 522 3254 ereata
547 3194 652 3274 potest
675 3189 816 3252 deficere
839 3181 1078 3250 areetitudine

84 3277 165 3370 ¹teitau
188 3299 254 3344 nou
279 3282 391 3344 tamen
416 3280 564 3362 peccavit
586 3277 726 3362 Angelus
750 3295 791 3340 ex
808 3271 1006 3358 ignorantia,
1021 3272 1081 3336 sed

85 3376 109 3423 lo
136 3365 289 3434 electione
323 3370 549 3434 convertendo
582 3387 616 3433 se
650 3370 692 3432 ab
721 3367 845 3432 bonum
869 3379 984 3440 suurn,
1010 3375 1079 3424 non

85 3465 141 3518 tum
169 3457 280 3525 debito
310 3456 444 3538 ordine,
475 3462 509 3522 et
535 3475 691 3523 mensura
712 3456 802 3541 quod
830 3455 869 3518 iit
891 3453 962 3520 sine
987 3451 1081 3533 igue·

85 3543 178 3626 lautia,
199 3554 233 3613 et
257 3567 326 3614 non
351 3552 461 3614 estex
485 3553 578 3631 parte
602 3546 661 3627 rei,
684 3543 944 3611 sed'eleetionis.
1099 3551 1104 3559 ’

71 3621 118 3696 int.
136 3633 162 3701 2.
182 3635 230 3704 An
254 3640 290 3704 in
312 3636 427 3722 Anneio
449 3641 546 3722 possit
566 3655 626 3706 aare
651 3641 769 3702 tanatem
795 3639 948 3720 peecatum
977 3643 1079 3714 supu-

87 3715 327 3822 beaunville.
353 3729 389 3813 ri.
412 3729 559 3795 Primum
580 3732 750 3812 peecatum
765 3723 879 3808 Augeli
894 3721 1078 3788 seeundum
