2614 4190
431 61 505 112 ortu
527 56 671 112 ruoura.
954 39 1020 109 tel

9 178 115 246 nali
138 197 231 260 non;
255 177 318 244 nisi
341 176 547 263 poenitentia
568 177 728 256 sumatur,
752 178 791 242 ut
811 175 860 242 ost
882 174 1058 243 detestatio

19 269 96 334 rei
120 267 310 352 praeterite.

9 356 92 426 lrt.
116 357 149 427 3.
172 357 222 426 Ao
243 360 315 426 boec
336 359 378 424 sit
399 360 508 442 formo,
537 377 590 442 epo
630 355 808 424 teolmloo.
832 356 868 442 ri.
891 354 954 434 Sic,
978 354 1058 440 quia

19 448 148 516 eflicit
170 448 260 534 quod
281 449 443 534 significat
455 469 473 530 ;Δ
487 449 572 516 idest
594 447 789 514 interiorem
803 443 1057 514 absolutionem.

18 539 39 564 *
78 537 238 606 Sacerdos
260 537 399 606 absolvit
436 542 474 604 ut
512 537 684 605 minister:
709 537 797 604 Deus
819 534 1056 603 auctoritative

20 627 285 712 principaliter.

9 716 92 784 lrt.
116 715 149 785 l.
173 719 224 786 Aa
245 717 399 802 impositio
421 735 566 786 mearum
589 716 755 786 sacerdotis
787 717 969 803 requiratur
1003 735 1060 784 oe·

21 809 187 874 cessario.
213 810 248 895 ri.
272 807 342 874 Non
366 808 401 874 in
426 808 639 892 poenitentia,
655 808 713 874 sed
730 806 787 874 ubi
802 809 902 873 datur
916 805 1060 890 copiosa,

21 903 78 963 et
101 897 265 965 excellens
287 898 391 980 gratia
414 902 451 963 ut
475 897 510 964 in
534 897 652 963 ordine
675 901 709 962 et
730 897 994 964 confirmatione.

9 985 91 1053 irt.
116 987 151 1055 ὅ.
172 985 223 1055 riu
245 988 300 1054 too
321 995 547 1054 armamentum
568 987 668 1053 eilde
691 989 867 1054 necessitate
882 988 1004 1054 solutis.
1022 987 1059 1072 ri.

24 1076 128 1156 Non,
151 1078 210 1142 sed
232 1097 274 1142 ex
294 1076 518 1161 suppositione
542 1078 675 1161 peccati,
700 1084 738 1142 ut
760 1077 926 1144 medicina
940 1095 1061 1160 corpo·

28 1165 140 1232 ralis:
165 1166 310 1233 Christus
334 1168 522 1233 remittebat
546 1169 678 1252 peccata
691 1166 764 1232 sinc
780 1165 984 1250 poenitentia
1004 1185 1061 1232 ex·

27 1255 173 1335 teriori,
198 1275 265 1322 non
288 1257 360 1321 sine
382 1255 545 1340 interiori.
996 1329 1000 1338 ,

9 1344 93 1413 Art.
117 1344 151 1412 u.
173 1344 223 1412 Aa
243 1347 436 1429 poenitemur
452 1348 496 1412 rit
508 1344 637 1416 seooodo
655 1344 755 1412 teloio
767 1353 838 1430 port
851 1347 1061 1430 cooperiam.

33 1437 82 1519 ἢ.
106 1433 170 1515 Sic,
195 1435 428 1519 metaphorice,
453 1455 531 1502 nam
555 1437 670 1516 navis,
695 1436 781 1502 idest
807 1436 989 1519 baptismus
1013 1439 1062 1502 est

33 1523 170 1608 prima;
196 1524 246 1591 vel
271 1529 319 1590 est
343 1525 554 1592 reaedilicatio
579 1527 696 1592 domus
718 1524 910 1608 spiritualis.

9 1612 93 1680 Art.
116 1613 149 1680 7.
174 1613 224 1681 Aa
246 1616 300 1681 troc
326 1623 549 1682 remanentem
571 1617 669 1699 fcerit
699 1617 914 1682 convenienter
937 1616 1064 1682 instito-

36 1711 112 1772 tum
135 1705 171 1770 io
193 1723 272 1771 nore
295 1705 366 1788 lepc.
391 1707 426 1790 ri.
449 1705 511 1785 Sic,
536 1705 583 1793 (et
605 1702 808 1790 declaratur)
832 1704 868 1770 in
899 1704 1016 1783 veteri,
1034 1707 1068 1770 et

34 1795 117 1878 lege
134 1798 264 1860 naturae
279 1794 342 1860 luit
359 1794 571 1878 poenitentia,
585 1796 642 1861 sed
658 1814 726 1862 non
743 1797 884 1877 potestas
902 1795 1060 1861 clavium.

13 1881 93 1950 Art.
117 1883 150 1952 8.
173 1881 224 1951 Aa
244 1885 435 1966 poenitentia
468 1883 571 1952 dotem
590 1884 701 1952 dororc
722 1903 815 1968 mque
841 1881 880 1949 od
905 1885 996 1968 finem
1013 1885 1065 1950 oi·

41 1981 105 2041 tac.
132 1975 168 2059 ri.
193 1973 343 2054 interior,
370 1974 454 2040 idest
477 1975 682 2058 displicentia
706 1976 748 2042 de
771 1972 912 2058 peccatis
926 1972 985 2058 sic,
1007 1974 1065 2038 sed

43 2083 119 2129 non
146 2061 302 2129 exterior.

22 2150 98 2219 Art.
121 2151 155 2220 9.
178 2150 229 2220 Ao
260 2154 449 2236 poenitentia
485 2156 584 2237 possit
609 2173 670 2221 csse
702 2153 861 2222 continuo.
886 2154 922 2238 rt.
946 2151 1067 2220 Secun-

41 2242 130 2308 dum
156 2242 318 2321 babitum,
342 2261 399 2308 seu
423 2245 641 2328 propositum,
676 2244 741 2326 sic;
771 2244 829 2310 sed
853 2260 923 2309 non
947 2262 1066 2310 secun·

43 2331 130 2398 dum
155 2335 278 2412 actum,
301 2332 379 2416 quia
402 2333 612 2417 impossibile.

42 2420 229 2487 'Tristitia
252 2421 287 2487 in
310 2441 410 2488 sensu
433 2427 511 2489 nata
545 2443 587 2489 ex
624 2422 833 2507 displicentia
871 2421 1063 2502 voluntatis,

44 2517 97 2578 est
120 2511 346 2592 moderanda;
368 2531 462 2578 secus
485 2517 568 2580 esset
591 2512 731 2601 vitiosa,
754 2517 787 2579 et
810 2511 917 2578 virtus
947 2518 997 2578 est
1026 2513 1062 2578 in

44 2601 169 2668 medio.
386 2639 391 2646 ·

25 2687 94 2759 Art.
121 2690 175 2758 l0.
199 2688 248 2768 Aa
271 2697 494 2760 reuomentem
514 2694 722 2777 poenitentioe
737 2691 1009 2761 dclcotreiterori.
1026 2693 1062 2776 ri.

44 2779 107 2860 Sic,
133 2780 211 2866 quia
233 2799 321 2864 saepe
345 2801 528 2868 peccamus,
551 2788 585 2848 et
609 2785 789 2868 baptismus
823 2786 873 2848 est
895 2781 1062 2861 nativitas,

46 2889 121 2955 quae
144 2870 247 2938 semel
269 2871 319 2937 tit.

369 3049 548 3137 Qumsuo
570 3050 715 3121 LXXXV.

74 3235 166 3302 De
191 3241 581 3300 sacramento
604 3234 1021 3316 poenitentiae

100 3323 441 3391 secundum
466 3324 626 3406 quod
651 3329 749 3390 est
771 3324 994 3390 virtus·

36 3499 96 3571 Art.
120 3502 151 3574 l.
174 3501 224 3571 An
244 3505 451 3588 poenitentioe
473 3504 517 3570 att
537 3504 647 3572 virtus.
672 3503 707 3588 rt.
731 3500 786 3571 Vel
809 3499 991 3579 estvirtus,
1006 3498 1060 3564 vel

54 3597 142 3660 actus
165 3593 309 3674 virtutis,
332 3613 402 3662 non
425 3597 549 3679 mmen,
572 3596 611 3660 ut
632 3591 715 3662 dicit
737 3590 884 3660 dolorem
899 3589 1061 3670 insensu,
