2614 4190
262 149 328 221 438
481 229 483 234 ,
520 167 567 220 nx
589 168 757 224 sacerna
780 165 959 223 sacurem

210 323 213 330 ·
239 306 324 373 quae
345 289 398 366 est
415 304 511 352 causa
533 287 647 354 salutis
661 291 802 369 nostrae,
815 307 903 374 qnae
917 287 1104 372 applicatur
1118 288 1260 374 singulis

240 397 299 462 per
321 378 536 445 sacramenta.
559 375 640 443 ltem
663 378 762 444 eliam
786 396 845 462 per
868 378 970 444 tidem
981 377 1171 462 applicatur
1186 398 1260 462 pas·

238 468 286 533 sio
309 465 445 548 Christi;
468 467 525 532 sed
542 471 580 532 ut
597 467 715 536 liberat
727 489 746 535 a
758 472 891 553 peccato
907 468 1006 535 debet
1021 487 1091 534 esse
1105 469 1262 534 formata.

216 556 284 625 Art.
307 556 340 624 Ξ.
362 554 412 624 Aa
431 574 487 640 per
507 560 680 641 paostoocm
705 559 822 645 Glrtstr'
843 559 939 626 simon
962 557 1053 624 litori
1074 576 1095 624 o
1115 565 1266 642 potestate

239 647 375 715 Diaboli.
401 648 435 732 il.
459 645 644 733 stapulo·
664 648 825 732 remittit
841 651 1034 733 peccatum3
1070 647 1265 715 reconciliat

239 757 299 805 nos
321 737 406 817 Deo;
429 737 584 820 repressit
606 737 780 808 Diabolum
801 738 1026 804 sacramentis.

215 827 286 896 Art.
310 826 341 895 3.
365 828 416 892 Aa
435 846 492 910 per
511 829 682 911 passionem
709 827 829 896 Clristt'
850 829 990 908 comiaco,
1007 829 1076 894 stat
1097 825 1226 894 literati
1248 846 1267 895 o

234 936 333 1003 poeno
352 919 479 1001 pcccati.
505 918 540 1000 tl.
564 916 617 983 Sic
634 917 771 998 directe,
790 917 867 1005 quia
879 917 1046 984 sufficiens
1060 935 1070 997 ;
1086 917 1265 996 indirecte,

101 1014 104 1019 '
237 1008 315 1094 quia
338 1011 387 1075 est
409 1025 507 1074 causa
530 1007 732 1075 remissionis
757 1007 882 1093 peccati
895 1056 905 1091 ‚
930 1007 966 1075 in
1000 1026 1067 1096 quo
1096 1009 1263 1075 tundatur

237 1101 513 1182 mmmm

237 1185 442 1254 *Damnatis
465 1207 533 1254 non
558 1189 665 1272 poluit
688 1189 793 1272 passio
816 1187 977 1272 applicari
1002 1207 1062 1272 per
1086 1189 1202 1267 fidem,
1231 1191 1266 1253 et

237 1283 451 1357 sacramenta,
476 1276 551 1344 ideo
574 1299 643 1345 non
668 1278 808 1346 liberati.
833 1279 914 1344 ltem
937 1277 1086 1344 liberatis
1101 1296 1164 1363 per
1183 1297 1263 1363 poe·

238 1367 389 1434 nitentiae
409 1371 652 1434 sacramentum
674 1369 858 1453 imponitur
873 1366 1089 1456 poenitentia,
1106 1368 1187 1452 quia
1202 1367 1260 1433 de·

237 1459 318 1523 bent
346 1457 559 1543 configurari,
579 1455 707 1525 Christo
741 1457 867 1544 aliquid
904 1457 1080 1542 patiendo,
1119 1476 1190 1524 non
1211 1457 1262 1524 sie
1296 1459 1297 1514 l

238 1547 407 1630 baptizatis
414 1565 423 1627 ;
446 1547 547 1613 etsie
570 1551 720 1615 remanet
743 1567 843 1628 mors,
865 1567 952 1633 quac
974 1550 1022 1614 est
1050 1565 1160 1633 poena
1183 1567 1261 1632 pec·

237 1637 312 1717 cau,
335 1640 374 1702 ut
397 1655 457 1704 nos
479 1637 580 1704 simus
602 1640 789 1705 conformes
812 1637 950 1705 Christo.
1033 1645 1034 1648 ’

214 1725 282 1795 Art.
305 1725 337 1795 4.
352 1725 402 1794 Ao
421 1746 477 1812 per
496 1731 665 1811 passionom
684 1727 804 1798 Corioli
817 1731 912 1796 simos
925 1727 990 1795 Deo
1004 1727 1212 1795 reconciliati.
1226 1728 1262 1814 ἡ.

236 1817 298 1898 Sic,
322 1821 355 1884 et
377 1821 415 1884 ut
436 1818 521 1884 tollit
543 1822 724 1902 peccalum,
747 1824 779 1885 ct
804 1825 841 1885 ut
863 1823 912 1886 est
933 1817 1146 1886 sacrificium.

235 1904 359 1974 *Deus
382 1907 489 1993 diligit
511 1926 625 1976 omnes
646 1909 755 1993 quoad
777 1912 944 1989 naturam,
966 1907 1038 1975 odit
1053 1909 1167 1993 quoad
1183 1925 1262 1993 pec·

237 2001 357 2064 catum.
381 1998 461 2064 ltem
484 1999 737 2067 reconciliamur
760 1997 849 2080 Deo,
874 2017 943 2066 non
967 1997 1057 2085 quod
1086 1997 1129 2064 de
1166 2017 1257 2065 novo

236 2087 321 2153 Deus
344 2087 482 2172 incipiat
503 2108 563 2154 nos
585 2109 719 2167 amare,
748 2090 806 2155 sed
840 2089 919 2174 quia
952 2089 1079 2155 sublata
1109 2089 1160 2153 est
1189 2087 1258 2156 odii
1296 2169 1297 2174 ἵ

237 2195 344 2244 causa.
368 2178 448 2243 ltem
471 2179 577 2245 maior
597 2179 661 2245 init
683 2178 824 2245 charitas
835 2178 955 2246 Christi
972 2177 1137 2263 patientis,
1155 2196 1259 2263 quam
1296 2199 1297 2254 1

237 2266 394 2352 iniquitas
416 2268 608 2348 occisorum,
632 2269 706 2336 ideo
730 2268 905 2351 praevaluit
929 2268 1044 2352 passio.
1296 2279 1297 2292 ¹

213 2356 281 2425 Art.
305 2357 336 2425 5.
359 2356 409 2425 Aa
436 2356 577 2428 Gloriatur
598 2379 653 2426 suo
672 2361 812 2443 possim
834 2361 991 2442 operuerit
1017 2356 1103 2424 aetia
1130 2360 1260 2426 mauors
1296 2371 1297 2380 ’

236 2449 321 2515 coeli.
347 2449 382 2533 il.
414 2447 490 2529 Sic,
513 2449 591 2534 quia
614 2447 731 2515 tollere
754 2453 888 2532 peecata
910 2449 1021 2535 quoad
1046 2449 1199 2534 culpam,
1224 2452 1259 2515 et

236 2557 387 2624 poenam,
410 2541 459 2604 est
480 2539 610 2622 aperire
633 2541 772 2605 coelum.

236 2626 382 2695 ‘Patres
404 2633 601 2694 meruerunt
635 2648 695 2711 per
734 2629 917 2711 passionem
951 2627 1073 2697 Christi
1108 2629 1260 2696 venturi.

235 2717 316 2783 ltem
339 2719 520 2785 ascendens
543 2738 611 2785 non
636 2719 767 2801 aperuit
789 2718 929 2800 coelum,
945 2720 1003 2786 sed
1019 2719 1259 2803 possessionem

235 2809 361 2893 accepit
384 2827 444 2892 pru
467 2807 573 2874 nobis.

212 2895 280 2965 Art.
297 2897 328 2966 6.
343 2897 393 2965 Ac
411 2897 550 2965 Gtrtstoe
563 2919 618 2984 per
629 2919 714 2968 soom
723 2903 894 2984 passionem
904 2899 1207 2968 memeriteuottori.
1223 2902 1258 2988 ἡ.

236 2987 297 3067 Sic,
321 2987 399 3072 quia
420 3008 455 3054 se
478 2989 686 3073 humiliavit3
711 3010 779 3058 nou
804 2995 918 3060 tamen
943 2989 1067 3058 meruit
1096 2989 1259 3059 maiorem

235 3077 438 3159 charitatem,
462 3079 520 3146 sed
543 3080 741 3151 claritatem.
