2622 4210
272 100 337 169 olo
529 121 575 172 ux
599 118 767 172 sueuuou
791 115 967 170 suouuun

972 198 1276 222 -ᾕ--ι

250 253 388 408 (ζᾳηῑιινμ
406 261 442 344 ri.
472 258 539 338 Sie,
571 259 609 323 ut
640 255 870 321 indifferenter
899 257 1054 323 omnibus
1083 261 1188 328 detur
1222 266 1278 329 de·

249 350 427 518 *lfflhdo
451 437 645 520 prohibetur
668 434 950 517 eoncupiscentia,
981 456 1047 503 non
1073 440 1278 526 intelligitur

249 525 376 605 primus
398 532 508 592 motus
530 525 759 602 sensualitatis,
783 524 840 607 qui
865 525 1013 590 consistit
1035 529 1125 595 intra
1148 531 1277 596 limites

247 615 476 695 sensualitatis,
500 619 558 681 sed
582 616 707 681 directe
731 614 926 697 prohibetur
949 635 1127 685 consensus
1151 611 1298 687 volun-³

249 703 330 783 latis,
354 706 412 788 qui
435 710 484 773 est
507 705 541 773 in
567 725 666 788 opere
693 704 745 768 vel
771 703 998 770 delectatione.
1297 709 1298 718 ³

577 880 756 966 QUAESTlO
780 880 908 949 cxxlll.

491 1066 584 1130 De
613 1063 994 1132 fortitudine.

223 1241 290 1310 Art.
316 1243 346 1311 l..
369 1243 418 1310 Ao
440 1241 590 1326 fortitudo
613 1244 657 1307 sil
677 1243 784 1308 virtus.
811 1243 845 1325 rh.
869 1241 929 1317 Sic,
957 1245 1035 1328 quia
1058 1245 1137 1310 laeit
1164 1247 1298 1312 homi-¹

246 1353 322 1400 nem
359 1336 504 1410 bonum,
534 1334 567 1397 et
600 1350 683 1416 opus
712 1333 781 1412 ejus
810 1334 992 1398 seeundum
1020 1335 1204 1414 rationem,
1232 1357 1275 1400 ne

245 1441 338 1488 mens
361 1423 568 1487 deterreatur
591 1424 634 1488 ab
657 1440 756 1504 opere
780 1423 867 1486 bono
891 1426 1026 1506 propter
1050 1425 1188 1509 aliquod
1207 1426 1273 1491 dif-

245 1512 342 1578 lieile.

246 1603 257 1626 *
282 1601 369 1668 lieet
391 1600 493 1686 aliqui
516 1603 661 1669 habeant
683 1604 775 1666 aetus
804 1599 1008 1668 tortitudinis
1037 1603 1110 1668 sine
1136 1604 1275 1670 fortitu·

245 1690 339 1796 diue;
364 1693 454 1794 quod
477 1692 597 1758 aeeidit
619 1691 671 1757 vel
696 1710 736 1755 ex
760 1690 957 1774 ignorantia,
983 1693 1033 1758 vel
1058 1713 1100 1759 ex
1123 1693 1275 1778 impulsu

245 1799 413 1863 passionis.

223 1871 289 1939 Art.
314 1872 345 1938 2.
370 1870 421 1938 Ao
444 1873 593 1955 fortitudo
616 1874 661 1937 sil
681 1871 779 1936 olrlos
802 1869 952 1952 spatiolis.
985 1873 1019 1955 ll.
1044 1871 1084 1936 Ul
1107 1870 1191 1938 dieit
1217 1874 1276 1937 fir·

245 1962 395 2046 mitatem
418 1963 523 2028 animi
557 1962 591 2027 in
615 1959 817 2027 sustinendis
847 1963 880 2024 et
909 1961 1106 2043 repellendis
1136 1962 1207 2041 bis,
1238 1963 1274 2027 iu

243 2052 364 2135 quibus
398 2052 532 2117 difficile
568 2055 616 2116 est
650 2051 773 2114 habere
802 2047 1007 2128 firmitatem,
1039 2056 1089 2116 est
1118 2051 1275 2133 specialis

243 2141 366 2206 virtus:
391 2141 417 2204 si
442 2145 479 2204 ut
502 2142 584 2206 dieit
607 2143 738 2205 tanturn
757 2139 926 2221 quandam
943 2140 1046 2204 animi
1065 2141 1274 2220 firmitatem,

242 2234 291 2294 est
314 2228 421 2294 virtus
445 2230 616 2312 generalis,
641 2229 691 2292 vel
717 2227 864 2292 conditio
889 2229 1063 2312 cuiuslibet
1088 2231 1238 2296 virtutis.

219 2313 287 2387 Art.
312 2319 342 2386 3.
368 2320 418 2385 An
441 2320 591 2403 fortitudo
614 2321 658 2384 sil
679 2321 763 2383 circo
784 2320 918 2400 timores,
938 2327 969 2384 et
983 2320 1135 2386 oodooios.
1154 2322 1190 2404 ri.
1209 2320 1273 2399 Sie,

242 2410 332 2494 quasi
358 2409 429 2475 illos
452 2411 614 2487 eohibeat,
639 2411 697 2472 has
723 2409 924 2472 moderetur.

219 2498 287 2567 Art.
311 2499 342 2565 l.
366 2498 417 2564 Aa
431 2500 580 2583 fortitudo
596 2501 640 2563 sil
654 2498 750 2562 selom
766 2500 848 2563 eirea
862 2499 1000 2579 periculo
1015 2501 1133 2566 mortis.
1154 2502 1189 2584 rb.
1208 2501 1274 2578 Sie,

241 2589 317 2673 quia
343 2608 430 2656 rnors
453 2595 501 2654 est
525 2588 670 2654 manime
694 2587 842 2654 terribile
867 2588 955 2652 inter
978 2590 1176 2673 eorperalin.

218 2679 288 2745 Art.
312 2678 343 2745 5.
366 2676 415 2744 Ao
438 2679 587 2763 fortitudo
608 2681 734 2761 proprie
757 2680 907 2742 oooslslol
928 2681 1012 2744 eireo
1031 2681 1173 2762 periculo
1188 2699 1271 2747 mor·

242 2771 291 2848 lis,
317 2787 381 2851 quo
403 2776 478 2836 strot
498 2772 533 2835 io
557 2769 643 2835 bello.
669 2769 705 2851 ri.
729 2766 782 2832 Sie
805 2766 839 2832 in
865 2768 950 2832 bello
970 2770 1072 2852 iusto,
1096 2769 1175 2853 quia
1192 2791 1272 2852 pro·

240 2862 314 2941 pter
338 2860 476 2939 bouum,
500 2859 599 2924 eliam
625 2860 673 2922 est
696 2856 789 2921 fortis
808 2856 866 2939 qui
882 2857 972 2922 subit
988 2857 1135 2939 pericula
1151 2861 1272 2926 mortis

240 2950 376 3030 propter
400 2949 575 3028 virtutem,
607 2947 726 3031 utqui
753 2964 829 3010 eum
855 2945 1002 3028 pericula
1026 2945 1103 3013 vitae
1127 2948 1273 3014 inservit

240 3036 345 3102 amieo
370 3036 515 3104 infirmo.

238 3124 459 3210 *Martyrum
483 3126 660 3202 fortitudo,
684 3125 762 3209 quia
786 3129 834 3189 est
857 3129 994 3208 propter
1016 3145 1188 3192 summum
1215 3131 1274 3196 bo·

239 3235 322 3282 num
359 3215 502 3280 maxime
536 3217 808 3292 commendatur,
844 3219 877 3278 et
912 3219 960 3280 est
987 3215 1147 3282 fortitudo
1182 3219 1273 3285 belli.

238 3306 331 3376 item.
356 3306 432 3370 lieet
456 3309 593 3388 propter
616 3323 729 3385 paeern
756 3303 966 3385 Reipublicae.
1041 3353 1044 3360 .

217 3399 287 3462 Art.
312 3393 344 3462 6.
379 3394 428 3461 An
462 3396 612 3461 sustinere
646 3396 689 3458 sit
722 3401 806 3460 octos
838 3397 1024 3476 principalis
1059 3397 1273 3479 fortitudinis.

242 3485 368 3569 rhsie,
393 3485 516 3563 idest,
547 3483 760 3548 immobiliter
784 3487 870 3548 stare
903 3484 937 3549 iu
975 3485 1129 3567 perieulis
1166 3489 1275 3574 magis

239 3595 345 3659 quarn
368 3574 513 3660 aggredi.

236 3663 251 3696 *
279 3663 452 3730 llillieilius
476 3668 524 3730 est
545 3662 708 3728 sustinere
731 3681 831 3746 quam
854 3664 999 3748 aggredi,
1023 3663 1101 3748 quia
1117 3667 1220 3734 habet
1238 3673 1272 3736 el

256 3753 357 3821 sentit
378 3754 524 3838 perieula
546 3751 731 3837 praesentia,
753 3757 786 3818 et
808 3752 1010 3820 diuturnius.
