2614 4190
421 117 493 170 orm
517 115 674 178 reomau.
956 98 1021 178 aaa

11 240 220 308 accidente
250 239 342 324 operi
365 240 406 306 de
429 237 545 322 primis
567 238 675 314 lohus
708 236 745 304 in
768 233 885 302 maiori
909 236 1068 304 charitate

33 330 149 408 tactis,
174 348 275 416 quam
298 330 340 395 de
361 328 524 396 secundis.

11 417 97 488 Aet.
130 419 168 488 6.
198 419 246 486 Aa
269 438 325 504 per
354 421 573 503 poeniteutiam
594 415 815 502 subsequentem
837 435 929 500 opere
949 423 1070 488 mortue

33 511 250 594 vivificentur.
275 512 310 595 rt.
334 509 415 588 Nou,
438 508 516 594 qnia
540 527 607 574 non
633 510 773 592 possunt
795 506 930 585 reverti,
946 507 1068 575 utsint

33 598 133 680 viva,
158 599 264 667 solum
287 603 460 682 peccatum
484 597 676 665 remittitur.

34 686 51 714 *
76 686 193 773 Opera
216 687 414 755 mortificata
438 707 506 754 nou
530 688 689 753 dicuntur
713 685 790 753 talia
806 705 847 751 ex
863 687 958 769 parte
975 685 1068 770 prin·

38 777 134 862 cipii,
159 780 218 846 sed
240 798 282 845 ex
305 782 400 862 parte
433 776 680 861 impedimenti,
709 776 787 860 quia
810 775 950 841 luerunt
983 777 1068 843 facta

36 866 75 932 iu
100 868 286 949 charitate3
311 867 376 947 illa,
402 887 485 932 nou:
505 867 581 931 licet
604 865 662 951 qui
686 867 766 932 hacc
789 863 928 942 faciunt,
953 864 1066 932 minus

37 957 225 1041 patientur,
249 957 301 1024 vel
325 959 495 1024 habebunt
518 955 733 1040 temporalem
758 954 958 1022 mercedem.

412 1222 592 1311 Qumsmo
615 1223 677 1292 XC.

125 1409 220 1474 De
245 1408 523 1490 partibus
547 1408 963 1488 poenitentiae

359 1499 423 1564 in
447 1500 737 1578 generali.

26 1674 100 1745 Art.
119 1674 150 1742 l.
174 1672 222 1743 Aee
236 1677 443 1760 poeniteutiae
465 1673 591 1742 deterat
607 1679 711 1760 portes
734 1675 899 1760 resipuere.
927 1677 963 1760 rt.
992 1677 1068 1758 Sic,

46 1765 234 1844 contritrio,
257 1766 426 1846 consessio,
441 1765 627 1844 satisfactio,
644 1765 764 1849 quibus
780 1764 975 1848 integratur,
992 1785 1067 1850 quae

45 1858 125 1920 sunt
149 1856 299 1934 materia,
321 1857 380 1922 sed
404 1854 510 1920 virtus
532 1855 658 1933 diviua,
682 1872 767 1940 quae
788 1853 824 1918 in
842 1873 880 1919 co
899 1859 1068 1936 operatur,

47 1949 94 2009 est
116 1943 280 2028 simplcx3
315 1949 348 2010 et
373 1948 507 2028 peccata
530 1948 610 2010 sunt
633 1944 770 2010 materia
794 1945 937 2023 remota,
967 1949 1068 2028 prout

46 2037 125 2101 sunt
148 2034 275 2102 obiecta
297 2041 432 2101 actuum
456 2036 694 2113 humanorum,
717 2033 775 2117 qui
812 2035 891 2099 sunt
929 2031 1068 2102 materia

47 2124 404 2208 poenitentemne
437 2128 700 2203 sacramentum
739 2123 817 2208 quia
851 2123 1067 2206 poenitentia,

53 2219 89 2278 ut
113 2213 230 2293 virtus,
255 2215 446 2280 nonhabet
470 2213 652 2294 materiam,
676 2231 738 2278 nec
760 2215 880 2296 partes.
1095 2269 1096 2272 ,

31 2302 151 2372 Areu.
173 2302 454 2371 inconvenienter
478 2305 672 2386 usipaeotor
695 2310 798 2386 portes
839 2305 1068 2388 poenitentioe,

51 2394 207 2477 contritio,
232 2396 389 2478 confessio,
414 2395 595 2478 satisfactio.
621 2394 656 2477 ri.
680 2391 742 2471 Sic,
765 2391 842 2477 quia
866 2392 920 2459 hio
942 2412 1069 2459 recom-

51 2482 198 2568 pensatio
222 2483 405 2568 requiritur
434 2484 618 2549 secundum
648 2481 854 2548 voluntatem
889 2484 1067 2566 peccantis,
1108 2532 1110 2538 s

51 2577 82 2638 et
104 2573 173 2652 Dei,
197 2577 230 2638 ct
253 2593 332 2652 non,
358 2577 395 2639 ut
418 2573 453 2638 io
477 2571 600 2638 iustitia
624 2570 827 2638 vindicativa
842 2571 879 2638 in
896 2573 1068 2638 voluntate

52 2661 177 2729 iudicis.
201 2662 280 2728 ltem
303 2668 382 2728 suot
407 2665 514 2744 partes
539 2660 743 2740 materiales,
767 2660 844 2746 quia
882 2660 1068 2728 essentiales

52 2755 137 2817 sunt¹
151 2752 298 2832 materia,
322 2757 355 2816 et
378 2753 494 2818 torma.

51 2840 243 2908 *Contritio
267 2841 386 2918 cordis,
411 2845 449 2906 ut
471 2838 552 2906 dicit
576 2840 780 2924 propositum
796 2839 978 2906 confitendi
996 2840 1067 2906 vir·

54 2930 192 3011 tualitcr,
229 2929 373 3015 pertinet
402 2931 444 2996 ad
473 2929 669 2996 exteriorem
706 2927 953 3013 poenitentiam.
985 2929 1065 2996 ltem

53 3020 232 3099 satisfactio,
256 3025 294 3085 ut
316 3024 365 3085 est
388 3020 423 3086 in
443 3019 619 3104 proposito,
643 3021 701 3086 dat
723 3019 873 3104 gratiam,
890 3037 989 3106 quam
1010 3041 1067 3087 au·

56 3115 110 3195 get
131 3110 166 3175 in
191 3109 398 3176 executione.

38 3195 156 3287 Artl3.
171 3198 218 3265 llo
233 3203 304 3267 leoee
328 3203 390 3265 tric
412 3201 479 3265 stat
496 3206 599 3284 poetes
623 3200 788 3284 immoratos
800 3201 1014 3284 poenitentioe.
1034 3203 1068 3286 rt.

57 3289 117 3370 Sic,
143 3289 220 3372 quia
243 3290 422 3374 integrant,
446 3291 480 3354 ct
503 3308 570 3355 non
593 3293 674 3355 sunt
697 3293 805 3374 partes
842 3291 1069 3370 subsecutive,

57 3378 129 3464 quia
152 3378 187 3442 in
215 3380 361 3462 qualibet
389 3382 474 3444 esset
511 3383 578 3445 tota
617 3378 842 3462 poenitentia3
866 3398 928 3444 uec
953 3384 1070 3461 poten·

59 3468 143 3532 tiales
169 3472 306 3550 propter
330 3469 470 3533 eandem
493 3486 634 3534 causam.

11 3561 12 3600 ³
41 3557 111 3624 Art.
130 3556 158 3622 t.
182 3555 228 3622 le
248 3560 437 3641 poenitentia
459 3561 671 3626 conuenienter
693 3557 848 3626 dividetur
866 3559 900 3626 io
913 3559 1070 3641 poetico·

11 3691 12 3738 ἦ
61 3650 129 3712 tlom
151 3655 226 3714 cote
251 3648 440 3732 baptismum,
465 3651 652 3734 mortalium,
675 3657 706 3720 et
725 3649 900 3720 venialium.
925 3650 960 3734 rt.
983 3647 1070 3716 llaec
