2622 4210
431 168 505 220 mm
531 165 678 219 raone.
966 153 1027 222 ttt

883 250 1078 264 nau—..—

33 311 88 377 trt.
111 310 145 377 6.
172 308 223 376 An
248 309 361 393 fiducia
381 307 538 390 pertineat
558 304 597 370 aot
619 305 916 386 mapnautmr'tatem.
947 308 981 390 rt.
1013 307 1075 386 Sia,

50 401 120 484 quia
145 405 199 465 est
222 399 397 480 concipere
420 415 512 478 spem
537 395 674 477 alicujus
699 395 746 458 rei
770 414 812 458 ex
836 396 945 479 aliquo
970 397 1077 462 eonsi-

51 493 172 567 derato,
200 491 254 554 vet
279 489 312 552 in
337 487 417 562 aliis,
444 486 494 549 vet
519 483 554 548 in
578 503 612 547 se
637 485 726 564 ipso:
741 485 799 548 sed
819 487 1076 568 magnanimitas

50 586 91 644 est
113 581 208 645 eirea
231 597 323 660 spem
347 574 484 662 alicujus
512 574 621 638 ardui.
651 573 732 637 Item
756 574 878 639 srdueia
901 575 982 640 dicit
1006 596 1076 642 mo·

50 671 126 734 dum
151 669 236 751 spei,
262 672 294 730 et
318 686 385 730 non
411 668 581 729 virtutem.

34 757 90 824 Art.
113 759 146 826 7.
172 757 226 824 Aa
248 761 394 822 securitas
414 757 568 838 pertineat
592 753 632 817 aa
645 755 939 835 mapaanimt'tatem.
957 757 993 840 rt.
1010 757 1075 838 Sia,

52 850 123 932 quia
149 867 224 914 non
248 847 432 912 succumbit
456 843 553 908 atioui
578 843 636 920 rei,
661 845 718 908 sed
741 847 789 907 est
812 845 884 907 sine
910 845 1041 911 timore.

54 940 155 1005 'Non
183 938 340 1021 quaelibet
362 935 519 999 securitas
542 938 590 997 est
613 933 802 1010 laudabitis,
826 935 884 998 sed
908 933 978 1013 ilia,
1003 956 1077 1020 quaa

55 1030 144 1110 ponit
181 1045 296 1092 auram
328 1029 426 1108 prout
458 1025 569 1100 debet,
602 1026 634 1086 et
661 1022 696 1087 in
721 1023 841 1106 quibus
865 1024 983 1088 timere
1007 1045 1077 1092 non

55 1121 197 1200 oportet.

39 1205 96 1274 Art.
120 1207 153 1274 8.
179 1205 230 1274 Aa
258 1207 334 1271 tana
364 1207 496 1288 tartarea
528 1204 690 1286 anteferant
716 1203 756 1269 ad
784 1207 1078 1287 mapuantma‘tatem.

58 1299 89 1379 rt.
111 1297 177 1376 Sic,
203 1297 280 1380 quie
305 1297 442 1378 populus
467 1297 608 1359 honorat
631 1293 787 1372 divitem,
823 1298 855 1357 et
891 1297 967 1379 quia
999 1301 1079 1362 sunt

58 1386 282 1452 instrumenta
316 1385 489 1448 virtutum.
527 1383 606 1447 Item
637 1385 867 1466 magnanimus
895 1385 1079 1451 contemnit

59 1497 103 1555 ea,
126 1496 206 1560 quae
230 1496 298 1540 non
324 1477 455 1556 reputat
478 1493 597 1558 magna
621 1474 719 1550 bona,
743 1493 812 1539 non
836 1476 926 1557 qnod
942 1495 1010 1541 non
1027 1496 1078 1540 re·

59 1569 150 1648 putet
183 1585 221 1630 ea
251 1563 344 1630 utilia
376 1564 417 1628 ad
449 1581 530 1645 opus
558 1562 690 1626 virtutis
714 1566 963 1647 exequendum:
988 1567 1079 1630 unde

60 1676 124 1720 non
149 1655 322 1720 extollitur
345 1655 380 1718 in
405 1653 455 1717 his
478 1653 504 1716 si
529 1651 655 1730 adsint,
681 1673 741 1718 nee
773 1654 807 1718 in
841 1674 955 1719 eorum
983 1655 1077 1721 amis·

60 1745 148 1810 sione
173 1745 338 1810 deiiuitur.

396 1919 574 2007 ponente
604 1921 721 1988 cxxx.

16 2159 18 2226 ι
255 2106 346 2170 De
370 2106 865 2190 praesumptione.

46 2279 105 2348 trt.
132 2282 162 2350 l.
188 2281 237 2348 Aa
257 2287 451 2367 praesumptio
474 2286 518 2349 sit
536 2290 698 2366 peccatam.
731 2285 766 2368 rt.
790 2283 858 2363 Sia,
883 2283 960 2368 quia
983 2286 1081 2350 homo

65 2392 120 2454 per
143 2373 307 2439 eamtaeit
331 2379 421 2438 ootra
443 2375 595 2440 ordinem
619 2373 838 2440 communiter
863 2374 898 2438 in
923 2373 1082 2438 naturati—
1107 2429 1116 2444 χ

66 2463 121 2528 bus
144 2463 333 2540 inventum,
358 2468 390 2527 et
413 2465 490 2547 quia
514 2467 612 2529 homo
637 2463 756 2528 nititur
783 2463 818 2529 in
844 2463 889 2543 id,
913 2465 1002 2547 quod
1025 2483 1082 2527 ex·

66 2554 150 2618 aedit
172 2571 267 2617 suam
291 2555 491 2618 facultatem.

66 2639 153 2707 *Est
179 2644 407 2725 praesumptio,
437 2645 570 2728 quando
594 2643 651 2728 qui
675 2663 742 2708 non
769 2644 803 2708 in
827 2643 952 2708 virtute
977 2644 1083 2727 proi·

68 2731 122 2809 eit,
149 2735 257 2797 tentat
279 2753 330 2809 ea,
358 2753 432 2817 quae
458 2739 537 2799 sunt
560 2734 713 2816 perfectae
737 2734 886 2799 virtutis:
911 2735 968 2799 sed
990 2735 1017 2798 si
1041 2736 1083 2800 ad

68 2822 125 2886 hoc
148 2825 256 2887 tentet
279 2827 318 2887 nt
340 2824 504 2906 proficiat,
537 2844 604 2888 non
632 2825 680 2886 est
703 2822 869 2888 vitiosum.
894 2821 989 2901 Item,
1014 2843 1082 2888 non

68 2916 127 2988 est,
157 2911 185 2976 si
216 2913 315 2976 homo
344 2915 519 2977 setradat
548 2915 590 2976 ad
617 2911 749 2989 divina,
775 2913 853 2996 qnia
875 2916 981 2995 potest
1004 2933 1084 2978 oon·
1149 2971 1151 2975 ,

65 3000 158 3084 jungi
182 3000 305 3067 divinis
329 3021 388 3086 per
412 3003 615 3067 intellectum
639 3007 672 3065 et
696 3003 901 3067 voluntatem
925 3021 1001 3067 aum
1024 3001 1084 3068 Dei

70 3090 199 3156 auxilio.

53 3175 113 3243 Art.
135 3179 168 3246 2.
190 3178 239 3245 Aa
266 3185 460 3265 presumptio
491 3188 660 3264 apponatur
690 3185 725 3247 io
754 3185 1004 3266 mapaanirar'tata'
1030 3200 1085 3264 per

72 3272 288 3358 receserunt.
312 3271 373 3349 Sia,
399 3274 432 3336 id
456 3277 513 3348 est,
538 3273 623 3335 nitra
646 3291 739 3337 suam
763 3273 962 3339 facultatem.

74 3359 241 3440 'Quando
265 3361 338 3444 quis
361 3381 461 3443 supra
486 3361 572 3424 vires
596 3365 717 3438 tentat,
743 3363 776 3428 id
800 3365 842 3428 ad
865 3363 954 3447 quod
979 3358 1086 3424 tendit

75 3463 136 3512 non
160 3467 294 3531 semper
314 3455 362 3513 est
386 3471 543 3534 magnum
568 3451 769 3532 simpliciter,
798 3453 855 3516 sed
879 3454 1014 3533 apparet
1038 3467 1087 3511 se·

75 3537 217 3603 eundum
241 3539 432 3620 opinionem
456 3542 648 3619 stultorum,
675 3547 711 3604 nt
734 3542 828 3607 indui
859 3540 1007 3624 pretiosis
1032 3557 1087 3601 ve·

75 3626 181 3705 stibus,
206 3629 383 3710 despicere,
408 3636 440 3694 et
465 3630 617 3714 injuriari
641 3631 721 3708 aliis,
738 3636 770 3696 ει
788 3636 858 3697 haee
874 3627 1086 3714 praesumptio

79 3713 109 3779 in
133 3717 179 3781 rei
205 3718 344 3782 veritate
373 3719 485 3785 ‹letieit
512 3741 530 3786 a
560 3721 782 3804 magnanimo.
815 3720 893 3786 item
929 3735 1087 3803 praesum·

16 3863 18 3872 ,
140 3805 215 3874 Dr'ai
241 3807 386 3889 Ttraraae.v
954 3809 995 3878 tt
