<?xml version="1.0" encoding="UTF-8"?>
<!DOCTYPE html PUBLIC "-//W3C//DTD XHTML 1.0 Transitional//EN"
    "http://www.w3.org/TR/xhtml1/DTD/xhtml1-transitional.dtd">
<html xmlns="http://www.w3.org/1999/xhtml" xml:lang="en" lang="en">
 <head>
  <title>
</title>
<meta http-equiv="Content-Type" content="text/html;charset=utf-8" />
  <meta name='ocr-system' content='tesseract 3.04.00' />
  <meta name='ocr-capabilities' content='ocr_page ocr_carea ocr_par ocr_line ocrx_word'/>
</head>
<body>
  <div class='ocr_page' id='page_1' title='image "./theologicsummco00thomgoog_0482.png"; bbox 0 0 2614 4190; ppageno 0'>
   <div class='ocr_carea' id='block_1_1' title="bbox 75 4 1104 228">
    <p class='ocr_par' dir='ltr' id='par_1_1' title="bbox 75 4 1104 228">
     <span class='ocr_line' id='line_1_1' title="bbox 455 4 1054 80; baseline 0 -2"><span class='ocrx_word' id='word_1_1' title='bbox 455 23 534 78; x_wconf 86' lang='lat' dir='ltr'><strong><em>nrm</em></strong></span> <span class='ocrx_word' id='word_1_2' title='bbox 558 21 706 80; x_wconf 77' lang='lat' dir='ltr'><strong><em>uncum</em></strong></span> <span class='ocrx_word' id='word_1_3' title='bbox 989 4 1054 78; x_wconf 74' lang='grc'><strong><em>471</em></strong></span> 
     </span>
     <span class='ocr_line' id='line_1_2' title="bbox 75 142 1104 228; baseline -0.002 -14"><span class='ocrx_word' id='word_1_4' title='bbox 75 147 170 226; x_wconf 87' lang='lat' dir='ltr'><strong><em>Nata,</em></strong></span> <span class='ocrx_word' id='word_1_5' title='bbox 193 144 222 212; x_wconf 91' lang='lat' dir='ltr'><strong><em>si</em></strong></span> <span class='ocrx_word' id='word_1_6' title='bbox 245 143 329 212; x_wconf 80' lang='lat' dir='ltr'><strong>desit</strong></span> <span class='ocrx_word' id='word_1_7' title='bbox 350 162 469 223; x_wconf 89' lang='lat' dir='ltr'><strong><em>unum,</em></strong></span> <span class='ocrx_word' id='word_1_8' title='bbox 491 162 525 209; x_wconf 89' lang='lat' dir='ltr'><strong><em>v.</em></strong></span> <span class='ocrx_word' id='word_1_9' title='bbox 544 163 576 228; x_wconf 76' lang='lat' dir='ltr'><strong><em>g.</em></strong></span> <span class='ocrx_word' id='word_1_10' title='bbox 598 142 735 223; x_wconf 84' lang='lat' dir='ltr'><strong><em>vinnm,</em></strong></span> <span class='ocrx_word' id='word_1_11' title='bbox 773 143 917 212; x_wconf 87' lang='lat' dir='ltr'><strong><em>aiterum</em></strong></span> <span class='ocrx_word' id='word_1_12' title='bbox 955 162 1024 214; x_wconf 87' lang='lat' dir='ltr'><strong><em>nan</em></strong></span> <span class='ocrx_word' id='word_1_13' title='bbox 1053 148 1104 213; x_wconf 88' lang='lat' dir='ltr'><strong><em>est</em></strong></span> 
     </span>
    </p>
   </div>
   <div class='ocr_carea' id='block_1_2' title="bbox 48 237 1113 3646">
    <p class='ocr_par' dir='ltr' id='par_1_2' title="bbox 77 237 542 319">
     <span class='ocr_line' id='line_1_3' title="bbox 77 237 542 319; baseline -0.013 -16"><span class='ocrx_word' id='word_1_14' title='bbox 77 237 264 319; x_wconf 80' lang='lat' dir='ltr'><strong><em>perfectum</em></strong></span> <span class='ocrx_word' id='word_1_15' title='bbox 287 237 542 302; x_wconf 88' lang='lat' dir='ltr'><strong><em>sacramentum.</em></strong></span> 
     </span>
    </p>

    <p class='ocr_par' dir='ltr' id='par_1_3' title="bbox 48 323 1104 860">
     <span class='ocr_line' id='line_1_4' title="bbox 48 323 1104 412; baseline 0.001 -19"><span class='ocrx_word' id='word_1_16' title='bbox 48 327 123 394; x_wconf 82' lang='lat' dir='ltr'><strong><em>Art.</em></strong></span> <span class='ocrx_word' id='word_1_17' title='bbox 149 325 181 393; x_wconf 79' lang='lat'><strong><em>2.</em></strong></span> <span class='ocrx_word' id='word_1_18' title='bbox 205 323 255 390; x_wconf 82' lang='lat' dir='ltr'><strong><em>An</em></strong></span> <span class='ocrx_word' id='word_1_19' title='bbox 266 327 442 412; x_wconf 78' lang='lat' dir='ltr'><strong><em>requiratur</em></strong></span> <span class='ocrx_word' id='word_1_20' title='bbox 464 323 664 390; x_wconf 78' lang='lat' dir='ltr'><strong><em>dcmrminata</em></strong></span> <span class='ocrx_word' id='word_1_21' title='bbox 686 326 854 408; x_wconf 73' lang='lat' dir='ltr'><strong><em>quantitas,</em></strong></span> <span class='ocrx_word' id='word_1_22' title='bbox 867 327 959 409; x_wconf 81' lang='lat' dir='ltr'><strong><em>partis</em></strong></span> <span class='ocrx_word' id='word_1_23' title='bbox 972 326 1021 393; x_wconf 85' lang='lat' dir='ltr'><strong><em>ccl</em></strong></span> <span class='ocrx_word' id='word_1_24' title='bbox 1034 328 1104 394; x_wconf 81' lang='lat' dir='ltr'><strong><em>cini</em></strong></span> 
     </span>
     <span class='ocr_line' id='line_1_5' title="bbox 74 413 1103 500; baseline 0.002 -19"><span class='ocrx_word' id='word_1_25' title='bbox 74 417 116 481; x_wconf 79' lang='lat' dir='ltr'><strong><em>aa</em></strong></span> <span class='ocrx_word' id='word_1_26' title='bbox 141 416 303 484; x_wconf 80' lang='lat' dir='ltr'><strong><em>materiam</em></strong></span> <span class='ocrx_word' id='word_1_27' title='bbox 324 417 414 482; x_wconf 81' lang='lat' dir='ltr'><strong><em>naias</em></strong></span> <span class='ocrx_word' id='word_1_28' title='bbox 435 415 629 480; x_wconf 74' lang='lat' dir='ltr'><strong><em>sacramenti.</em></strong></span> <span class='ocrx_word' id='word_1_29' title='bbox 652 415 689 497; x_wconf 92' lang='grc' dir='ltr'><strong><em>ιι.</em></strong></span> <span class='ocrx_word' id='word_1_30' title='bbox 712 413 783 480; x_wconf 85' lang='grc' dir='ltr'>Νοιι</span> <span class='ocrx_word' id='word_1_31' title='bbox 807 414 886 500; x_wconf 89' lang='lat' dir='ltr'><strong><em>quia</em></strong></span> <span class='ocrx_word' id='word_1_32' title='bbox 924 416 1015 482; x_wconf 89' lang='lat' dir='ltr'><strong><em>nulla</em></strong></span> <span class='ocrx_word' id='word_1_33' title='bbox 1053 420 1103 484; x_wconf 85' lang='lat' dir='ltr'><strong><em>est</em></strong></span> 
     </span>
     <span class='ocr_line' id='line_1_6' title="bbox 73 501 1102 589; baseline 0.003 -17"><span class='ocrx_word' id='word_1_34' title='bbox 73 510 149 572; x_wconf 89' lang='lat' dir='ltr'><strong><em>tam</em></strong></span> <span class='ocrx_word' id='word_1_35' title='bbox 172 524 285 589; x_wconf 91' lang='lat' dir='ltr'><strong><em>parva,</em></strong></span> <span class='ocrx_word' id='word_1_36' title='bbox 308 505 363 570; x_wconf 88' lang='lat' dir='ltr'><strong><em>vei</em></strong></span> <span class='ocrx_word' id='word_1_37' title='bbox 385 508 452 570; x_wconf 91' lang='lat' dir='ltr'><strong><em>tam</em></strong></span> <span class='ocrx_word' id='word_1_38' title='bbox 476 522 595 588; x_wconf 78' lang='lat' dir='ltr'><strong><em>magna</em></strong></span> <span class='ocrx_word' id='word_1_39' title='bbox 617 501 795 587; x_wconf 73' lang='lat' dir='ltr'><strong><em>quantitas,</em></strong></span> <span class='ocrx_word' id='word_1_40' title='bbox 819 524 905 589; x_wconf 89' lang='lat' dir='ltr'><strong><em>quae</em></strong></span> <span class='ocrx_word' id='word_1_41' title='bbox 934 524 1003 574; x_wconf 92' lang='lat' dir='ltr'><strong><em>non</em></strong></span> <span class='ocrx_word' id='word_1_42' title='bbox 1027 525 1102 589; x_wconf 86' lang='lat' dir='ltr'><strong><em>pns-</em></strong></span> 
     </span>
     <span class='ocr_line' id='line_1_7' title="bbox 72 591 1103 677; baseline 0.002 -16"><span class='ocrx_word' id='word_1_43' title='bbox 72 595 119 661; x_wconf 90' lang='lat' dir='ltr'><strong><em>sit</em></strong></span> <span class='ocrx_word' id='word_1_44' title='bbox 144 593 339 673; x_wconf 85' lang='lat' dir='ltr'><strong><em>consecrari,</em></strong></span> <span class='ocrx_word' id='word_1_45' title='bbox 362 596 402 659; x_wconf 92' lang='lat' dir='ltr'><strong><em>ut</em></strong></span> <span class='ocrx_word' id='word_1_46' title='bbox 424 594 513 659; x_wconf 87' lang='lat' dir='ltr'><strong><em>totus</em></strong></span> <span class='ocrx_word' id='word_1_47' title='bbox 535 591 628 674; x_wconf 89' lang='lat' dir='ltr'><strong><em>panis</em></strong></span> <span class='ocrx_word' id='word_1_48' title='bbox 651 592 687 657; x_wconf 94' lang='lat' dir='ltr'><strong><em>in</em></strong></span> <span class='ocrx_word' id='word_1_49' title='bbox 710 592 793 672; x_wconf 84' lang='lat' dir='ltr'><strong><em>fore,</em></strong></span> <span class='ocrx_word' id='word_1_50' title='bbox 817 596 851 658; x_wconf 88' lang='lat' dir='ltr'><strong><em>et</em></strong></span> <span class='ocrx_word' id='word_1_51' title='bbox 873 593 1001 662; x_wconf 87' lang='lat' dir='ltr'><strong><em>dotium</em></strong></span> <span class='ocrx_word' id='word_1_52' title='bbox 1017 595 1103 677; x_wconf 89' lang='lat' dir='ltr'><strong><em>vini,</em></strong></span> 
     </span>
     <span class='ocr_line' id='line_1_8' title="bbox 73 681 1101 770; baseline 0.004 -20"><span class='ocrx_word' id='word_1_53' title='bbox 73 685 138 751; x_wconf 90' lang='lat' dir='ltr'><strong><em>sed</em></strong></span> <span class='ocrx_word' id='word_1_54' title='bbox 160 684 328 770; x_wconf 81' lang='lat' dir='ltr'><strong><em>quantitas</em></strong></span> <span class='ocrx_word' id='word_1_55' title='bbox 351 702 419 748; x_wconf 90' lang='lat' dir='ltr'><strong><em>non</em></strong></span> <span class='ocrx_word' id='word_1_56' title='bbox 442 682 542 750; x_wconf 88' lang='lat' dir='ltr'><strong><em>debet</em></strong></span> <span class='ocrx_word' id='word_1_57' title='bbox 564 681 749 748; x_wconf 88' lang='lat' dir='ltr'><strong><em>consecrari</em></strong></span> <span class='ocrx_word' id='word_1_58' title='bbox 780 682 845 748; x_wconf 89' lang='lat' dir='ltr'><strong><em>nisi</em></strong></span> <span class='ocrx_word' id='word_1_59' title='bbox 873 702 935 768; x_wconf 87' lang='lat' dir='ltr'><strong><em>pre</em></strong></span> <span class='ocrx_word' id='word_1_60' title='bbox 958 702 1020 751; x_wconf 89' lang='lat' dir='ltr'><strong><em>usu</em></strong></span> <span class='ocrx_word' id='word_1_61' title='bbox 1043 705 1101 770; x_wconf 90' lang='lat' dir='ltr'><strong><em>pa-</em></strong></span> 
     </span>
     <span class='ocr_line' id='line_1_9' title="bbox 73 772 439 860; baseline -0.008 -19"><span class='ocrx_word' id='word_1_62' title='bbox 73 774 161 860; x_wconf 90' lang='lat' dir='ltr'><strong><em>puli,</em></strong></span> <span class='ocrx_word' id='word_1_63' title='bbox 184 793 268 859; x_wconf 89' lang='lat' dir='ltr'><strong><em>quac</em></strong></span> <span class='ocrx_word' id='word_1_64' title='bbox 289 772 439 840; x_wconf 85' lang='lat' dir='ltr'><strong><em>sufficiat.</em></strong></span> 
     </span>
    </p>

    <p class='ocr_par' dir='ltr' id='par_1_4' title="bbox 73 861 1102 1219">
     <span class='ocr_line' id='line_1_10' title="bbox 73 861 1102 965; baseline 0.002 -34.077"><span class='ocrx_word' id='word_1_65' title='bbox 73 863 147 931; x_wconf 92' lang='lat' dir='ltr'><strong><em>Si</em></strong></span> <span class='ocrx_word' id='word_1_66' title='bbox 170 863 244 949; x_wconf 91' lang='lat' dir='ltr'><strong><em>quis</em></strong></span> <span class='ocrx_word' id='word_1_67' title='bbox 266 863 354 931; x_wconf 84' lang='lat' dir='ltr'><strong><em>main</em></strong></span> <span class='ocrx_word' id='word_1_68' title='bbox 376 861 476 928; x_wconf 86' lang='lat' dir='ltr'><strong><em>fine</em></strong></span> <span class='ocrx_word' id='word_1_69' title='bbox 466 881 502 928; x_wconf 82' lang='lat' dir='ltr'><strong><em>un</em></strong></span> <span class='ocrx_word' id='word_1_70' title='bbox 525 879 646 965; x_wconf 80' lang='lat' dir='ltr'><strong><em>magna</em></strong></span> <span class='ocrx_word' id='word_1_71' title='bbox 668 861 853 946; x_wconf 85' lang='lat' dir='ltr'><strong><em>quantitate</em></strong></span> <span class='ocrx_word' id='word_1_72' title='bbox 882 869 1102 950; x_wconf 89' lang='lat' dir='ltr'><strong><em>consecraret,</em></strong></span> 
     </span>
     <span class='ocr_line' id='line_1_11' title="bbox 73 949 1102 1041; baseline 0.001 -20"><span class='ocrx_word' id='word_1_73' title='bbox 73 954 268 1033; x_wconf 87' lang='lat' dir='ltr'><strong><em>conticeret,</em></strong></span> <span class='ocrx_word' id='word_1_74' title='bbox 291 953 350 1018; x_wconf 89' lang='lat' dir='ltr'><strong><em>sed</em></strong></span> <span class='ocrx_word' id='word_1_75' title='bbox 373 955 534 1035; x_wconf 78' lang='lat' dir='ltr'><strong><em>peccaret,</em></strong></span> <span class='ocrx_word' id='word_1_76' title='bbox 558 949 636 1037; x_wconf 90' lang='lat' dir='ltr'><strong><em>quia</em></strong></span> <span class='ocrx_word' id='word_1_77' title='bbox 660 953 723 1018; x_wconf 86' lang='lat' dir='ltr'><strong><em>hcc</em></strong></span> <span class='ocrx_word' id='word_1_78' title='bbox 745 956 990 1021; x_wconf 87' lang='lat' dir='ltr'><strong><em>sacramentum</em></strong></span> <span class='ocrx_word' id='word_1_79' title='bbox 1026 975 1102 1041; x_wconf 90' lang='lat' dir='ltr'><strong><em>per·</em></strong></span> 
     </span>
     <span class='ocr_line' id='line_1_12' title="bbox 74 1039 1101 1124; baseline 0.005 -15"><span class='ocrx_word' id='word_1_80' title='bbox 74 1043 192 1110; x_wconf 89' lang='lat' dir='ltr'><strong><em>ficitur</em></strong></span> <span class='ocrx_word' id='word_1_81' title='bbox 213 1062 290 1110; x_wconf 92' lang='lat' dir='ltr'><strong><em>cum</em></strong></span> <span class='ocrx_word' id='word_1_82' title='bbox 313 1041 560 1110; x_wconf 85' lang='lat' dir='ltr'><strong><em>consecratione</em></strong></span> <span class='ocrx_word' id='word_1_83' title='bbox 582 1039 759 1121; x_wconf 82' lang='lat' dir='ltr'><strong><em>materiae3</em></strong></span> <span class='ocrx_word' id='word_1_84' title='bbox 791 1060 861 1110; x_wconf 90' lang='lat' dir='ltr'><strong><em>non</em></strong></span> <span class='ocrx_word' id='word_1_85' title='bbox 884 1042 920 1109; x_wconf 93' lang='lat' dir='ltr'><strong><em>in</em></strong></span> <span class='ocrx_word' id='word_1_86' title='bbox 949 1059 1033 1124; x_wconf 89' lang='lat' dir='ltr'><strong><em>usu,</em></strong></span> <span class='ocrx_word' id='word_1_87' title='bbox 1061 1049 1101 1114; x_wconf 85' lang='lat' dir='ltr'><strong><em>ut</em></strong></span> 
     </span>
     <span class='ocr_line' id='line_1_13' title="bbox 74 1133 271 1219; baseline 0 -19"><span class='ocrx_word' id='word_1_88' title='bbox 74 1133 271 1219; x_wconf 85' lang='lat' dir='ltr'><strong><em>baptismus.</em></strong></span> 
     </span>
    </p>

    <p class='ocr_par' dir='ltr' id='par_1_5' title="bbox 52 1220 1097 1560">
     <span class='ocr_line' id='line_1_14' title="bbox 52 1220 1097 1310; baseline 0.002 -21"><span class='ocrx_word' id='word_1_89' title='bbox 52 1222 127 1292; x_wconf 83' lang='lat' dir='ltr'><strong><em>Art.</em></strong></span> <span class='ocrx_word' id='word_1_90' title='bbox 151 1223 184 1290; x_wconf 85' lang='lat'><strong><em>3.</em></strong></span> <span class='ocrx_word' id='word_1_91' title='bbox 206 1220 258 1290; x_wconf 83' lang='lat' dir='ltr'><strong><em>An</em></strong></span> <span class='ocrx_word' id='word_1_92' title='bbox 278 1223 370 1306; x_wconf 81' lang='lat' dir='ltr'><strong><em>panis</em></strong></span> <span class='ocrx_word' id='word_1_93' title='bbox 392 1220 495 1289; x_wconf 80' lang='lat' dir='ltr'><strong><em>debeat</em></strong></span> <span class='ocrx_word' id='word_1_94' title='bbox 514 1241 574 1288; x_wconf 88' lang='lat' dir='ltr'><strong><em>essa</em></strong></span> <span class='ocrx_word' id='word_1_95' title='bbox 599 1222 746 1300; x_wconf 75' lang='lat' dir='ltr'><strong><em>triticeas,</em></strong></span> <span class='ocrx_word' id='word_1_96' title='bbox 770 1227 807 1288; x_wconf 90' lang='lat' dir='ltr'><strong><em>at</em></strong></span> <span class='ocrx_word' id='word_1_97' title='bbox 826 1224 872 1288; x_wconf 80' lang='lat' dir='ltr'><strong><em>stt</em></strong></span> <span class='ocrx_word' id='word_1_98' title='bbox 890 1226 1031 1291; x_wconf 71' lang='lat' dir='ltr'><strong><em>matema</em></strong></span> <span class='ocrx_word' id='word_1_99' title='bbox 1060 1226 1097 1310; x_wconf 90' lang='grc' dir='ltr'><strong><em>ιι.</em></strong></span> 
     </span>
     <span class='ocr_line' id='line_1_15' title="bbox 74 1309 1099 1397; baseline 0.001 -18"><span class='ocrx_word' id='word_1_100' title='bbox 74 1313 140 1393; x_wconf 88' lang='lat' dir='ltr'><strong><em>Sic,</em></strong></span> <span class='ocrx_word' id='word_1_101' title='bbox 165 1312 244 1397; x_wconf 89' lang='lat' dir='ltr'><strong><em>quia</em></strong></span> <span class='ocrx_word' id='word_1_102' title='bbox 266 1315 315 1378; x_wconf 89' lang='lat' dir='ltr'><strong><em>est</em></strong></span> <span class='ocrx_word' id='word_1_103' title='bbox 337 1312 431 1395; x_wconf 91' lang='lat' dir='ltr'><strong><em>panis</em></strong></span> <span class='ocrx_word' id='word_1_104' title='bbox 454 1311 639 1378; x_wconf 86' lang='lat' dir='ltr'><strong><em>communis</em></strong></span> <span class='ocrx_word' id='word_1_105' title='bbox 655 1309 838 1391; x_wconf 89' lang='lat' dir='ltr'><strong><em>hominum,</em></strong></span> <span class='ocrx_word' id='word_1_106' title='bbox 855 1313 913 1379; x_wconf 90' lang='lat' dir='ltr'><strong><em>et</em></strong></span> <span class='ocrx_word' id='word_1_107' title='bbox 903 1333 991 1382; x_wconf 87' lang='lat' dir='ltr'><strong><em>rnen</em></strong></span> <span class='ocrx_word' id='word_1_108' title='bbox 1007 1313 1099 1382; x_wconf 86' lang='lat' dir='ltr'><strong><em>Chri·</em></strong></span> 
     </span>
     <span class='ocr_line' id='line_1_16' title="bbox 74 1400 1097 1488; baseline 0.006 -22"><span class='ocrx_word' id='word_1_109' title='bbox 74 1406 146 1468; x_wconf 90' lang='lat' dir='ltr'><strong><em>stus</em></strong></span> <span class='ocrx_word' id='word_1_110' title='bbox 171 1400 386 1469; x_wconf 88' lang='lat' dir='ltr'><strong><em>consecravit.</em></strong></span> <span class='ocrx_word' id='word_1_111' title='bbox 410 1401 491 1468; x_wconf 88' lang='lat' dir='ltr'><strong><em>item</em></strong></span> <span class='ocrx_word' id='word_1_112' title='bbox 513 1401 598 1467; x_wconf 83' lang='lat' dir='ltr'><strong><em>dixit</em></strong></span> <span class='ocrx_word' id='word_1_113' title='bbox 620 1400 663 1466; x_wconf 91' lang='lat' dir='ltr'><strong><em>de</em></strong></span> <span class='ocrx_word' id='word_1_114' title='bbox 684 1419 735 1480; x_wconf 89' lang='lat' dir='ltr'><strong><em>se,</em></strong></span> <span class='ocrx_word' id='word_1_115' title='bbox 758 1400 824 1467; x_wconf 88' lang='lat' dir='ltr'><strong><em>Nisi</em></strong></span> <span class='ocrx_word' id='word_1_116' title='bbox 847 1421 990 1488; x_wconf 76' lang='lat' dir='ltr'><strong><em>granum</em></strong></span> <span class='ocrx_word' id='word_1_117' title='bbox 1027 1405 1097 1472; x_wconf 84' lang='lat' dir='ltr'><strong><em>fru-</em></strong></span> 
     </span>
     <span class='ocr_line' id='line_1_17' title="bbox 73 1492 278 1572; baseline 0.01 -14"><span class='ocrx_word' id='word_1_118' title='bbox 73 1492 201 1572; x_wconf 83' lang='lat' dir='ltr'><strong><em>menti,-</em></strong></span> <span class='ocrx_word' id='word_1_119' title='bbox 218 1495 278 1560; x_wconf 89' lang='lat' dir='ltr'><strong><em>etc.</em></strong></span> 
     </span>
    </p>

    <p class='ocr_par' dir='ltr' id='par_1_6' title="bbox 54 1529 1113 3462">
     <span class='ocr_line' id='line_1_18' title="bbox 76 1529 1098 1668; baseline 0.005 -21.188"><span class='ocrx_word' id='word_1_120' title='bbox 76 1581 151 1647; x_wconf 82' lang='lat' dir='ltr'><strong><em>*tn</em></strong></span> <span class='ocrx_word' id='word_1_121' title='bbox 177 1581 241 1648; x_wconf 90' lang='lat' dir='ltr'><strong><em>alia</em></strong></span> <span class='ocrx_word' id='word_1_122' title='bbox 262 1580 368 1665; x_wconf 88' lang='lat' dir='ltr'><strong><em>specie</em></strong></span> <span class='ocrx_word' id='word_1_123' title='bbox 391 1581 487 1666; x_wconf 81' lang='lat' dir='ltr'><strong><em>grani</em></strong></span> <span class='ocrx_word' id='word_1_124' title='bbox 512 1600 580 1648; x_wconf 91' lang='lat' dir='ltr'><strong><em>non</em></strong></span> <span class='ocrx_word' id='word_1_125' title='bbox 603 1529 1098 1668; x_wconf 74' lang='lat' dir='ltr'><strong><em>acconsecratio,ut1ngrano</em></strong></span> 
     </span>
     <span class='ocr_line' id='line_1_19' title="bbox 74 1670 1097 1756; baseline 0.002 -16"><span class='ocrx_word' id='word_1_126' title='bbox 74 1671 212 1756; x_wconf 89' lang='lat' dir='ltr'><strong><em>speltae,</em></strong></span> <span class='ocrx_word' id='word_1_127' title='bbox 234 1670 326 1750; x_wconf 84' lang='lat' dir='ltr'><strong><em>farri,</em></strong></span> <span class='ocrx_word' id='word_1_128' title='bbox 349 1673 410 1737; x_wconf 89' lang='lat' dir='ltr'><strong><em>etc.</em></strong></span> <span class='ocrx_word' id='word_1_129' title='bbox 435 1670 548 1738; x_wconf 89' lang='lat' dir='ltr'><strong><em>item</em></strong></span> <span class='ocrx_word' id='word_1_130' title='bbox 538 1690 574 1738; x_wconf 92' lang='grc' dir='ltr'><strong><em>ιιι</em></strong></span> <span class='ocrx_word' id='word_1_131' title='bbox 598 1689 713 1756; x_wconf 74' lang='lat' dir='ltr'><strong><em>grano,</em></strong></span> <span class='ocrx_word' id='word_1_132' title='bbox 735 1673 827 1754; x_wconf 90' lang='lat' dir='ltr'><strong><em>quod</em></strong></span> <span class='ocrx_word' id='word_1_133' title='bbox 850 1691 891 1738; x_wconf 87' lang='lat' dir='ltr'><strong><em>ex</em></strong></span> <span class='ocrx_word' id='word_1_134' title='bbox 915 1672 1097 1743; x_wconf 88' lang='lat' dir='ltr'><strong><em>triticana·</em></strong></span> 
     </span>
     <span class='ocr_line' id='line_1_20' title="bbox 73 1760 1098 1842; baseline 0.003 -15"><span class='ocrx_word' id='word_1_135' title='bbox 73 1761 189 1840; x_wconf 89' lang='lat' dir='ltr'><strong><em>scitur,</em></strong></span> <span class='ocrx_word' id='word_1_136' title='bbox 205 1761 263 1826; x_wconf 89' lang='lat' dir='ltr'><strong><em>sed</em></strong></span> <span class='ocrx_word' id='word_1_137' title='bbox 285 1761 415 1827; x_wconf 86' lang='lat' dir='ltr'><strong><em>deiectu</em></strong></span> <span class='ocrx_word' id='word_1_138' title='bbox 439 1765 547 1827; x_wconf 90' lang='lat' dir='ltr'><strong><em>terrae</em></strong></span> <span class='ocrx_word' id='word_1_139' title='bbox 569 1760 682 1827; x_wconf 83' lang='lat' dir='ltr'><strong><em>differt</em></strong></span> <span class='ocrx_word' id='word_1_140' title='bbox 704 1761 970 1842; x_wconf 79' lang='lat' dir='ltr'><strong><em>accidentaliter,</em></strong></span> <span class='ocrx_word' id='word_1_141' title='bbox 993 1766 1031 1828; x_wconf 90' lang='lat' dir='ltr'><strong><em>nt</em></strong></span> <span class='ocrx_word' id='word_1_142' title='bbox 1053 1764 1098 1830; x_wconf 90' lang='lat' dir='ltr'><strong><em>si·</em></strong></span> 
     </span>
     <span class='ocr_line' id='line_1_21' title="bbox 73 1849 1098 1934; baseline 0.004 -19"><span class='ocrx_word' id='word_1_143' title='bbox 73 1850 153 1934; x_wconf 80' lang='lat' dir='ltr'><strong><em>ligo,</em></strong></span> <span class='ocrx_word' id='word_1_144' title='bbox 176 1853 283 1933; x_wconf 89' lang='lat' dir='ltr'><strong><em>potest</em></strong></span> <span class='ocrx_word' id='word_1_145' title='bbox 306 1869 374 1916; x_wconf 89' lang='lat' dir='ltr'><strong><em>esse</em></strong></span> <span class='ocrx_word' id='word_1_146' title='bbox 397 1850 545 1916; x_wconf 88' lang='lat' dir='ltr'><strong><em>materia.</em></strong></span> <span class='ocrx_word' id='word_1_147' title='bbox 569 1850 649 1916; x_wconf 87' lang='lat' dir='ltr'><strong><em>item</em></strong></span> <span class='ocrx_word' id='word_1_148' title='bbox 673 1849 851 1932; x_wconf 88' lang='lat' dir='ltr'><strong><em>permixtio</em></strong></span> <span class='ocrx_word' id='word_1_149' title='bbox 873 1851 1001 1918; x_wconf 84' lang='lat' dir='ltr'><strong><em>farinae</em></strong></span> <span class='ocrx_word' id='word_1_150' title='bbox 1016 1853 1098 1919; x_wconf 90' lang='lat' dir='ltr'><strong><em>alte·</em></strong></span> 
     </span>
     <span class='ocr_line' id='line_1_22' title="bbox 74 1938 1098 2026; baseline 0.003 -22"><span class='ocrx_word' id='word_1_151' title='bbox 74 1940 145 2006; x_wconf 89' lang='lat' dir='ltr'><strong><em>rius</em></strong></span> <span class='ocrx_word' id='word_1_152' title='bbox 168 1939 298 2024; x_wconf 86' lang='lat' dir='ltr'><strong><em>speciei,</em></strong></span> <span class='ocrx_word' id='word_1_153' title='bbox 321 1940 349 2006; x_wconf 91' lang='lat' dir='ltr'><strong><em>si</em></strong></span> <span class='ocrx_word' id='word_1_154' title='bbox 372 1938 408 2005; x_wconf 93' lang='lat' dir='ltr'><strong><em>in</em></strong></span> <span class='ocrx_word' id='word_1_155' title='bbox 432 1959 553 2024; x_wconf 77' lang='lat' dir='ltr'><strong><em>magna</em></strong></span> <span class='ocrx_word' id='word_1_156' title='bbox 585 1939 790 2023; x_wconf 85' lang='lat' dir='ltr'><strong><em>quantitate,</em></strong></span> <span class='ocrx_word' id='word_1_157' title='bbox 820 1946 858 2007; x_wconf 92' lang='lat' dir='ltr'><strong><em>nt</em></strong></span> <span class='ocrx_word' id='word_1_158' title='bbox 887 1940 922 2006; x_wconf 90' lang='lat' dir='ltr'><strong><em>in</em></strong></span> <span class='ocrx_word' id='word_1_159' title='bbox 957 1942 1098 2026; x_wconf 86' lang='lat' dir='ltr'><strong><em>aequali,</em></strong></span> 
     </span>
     <span class='ocr_line' id='line_1_23' title="bbox 75 2029 1098 2115; baseline 0.004 -19"><span class='ocrx_word' id='word_1_160' title='bbox 75 2049 146 2096; x_wconf 91' lang='lat' dir='ltr'><strong><em>non</em></strong></span> <span class='ocrx_word' id='word_1_161' title='bbox 170 2033 255 2096; x_wconf 80' lang='lat' dir='ltr'><strong><em>esset</em></strong></span> <span class='ocrx_word' id='word_1_162' title='bbox 289 2029 442 2110; x_wconf 88' lang='lat' dir='ltr'><strong><em>materia,</em></strong></span> <span class='ocrx_word' id='word_1_163' title='bbox 473 2029 551 2114; x_wconf 86' lang='lat' dir='ltr'><strong><em>quia</em></strong></span> <span class='ocrx_word' id='word_1_164' title='bbox 585 2032 692 2096; x_wconf 92' lang='lat' dir='ltr'><strong><em>mutat</em></strong></span> <span class='ocrx_word' id='word_1_165' title='bbox 735 2031 895 2115; x_wconf 89' lang='lat' dir='ltr'><strong><em>speciem;</em></strong></span> <span class='ocrx_word' id='word_1_166' title='bbox 923 2029 959 2096; x_wconf 91' lang='lat' dir='ltr'><strong><em>in</em></strong></span> <span class='ocrx_word' id='word_1_167' title='bbox 995 2050 1098 2115; x_wconf 87' lang='lat' dir='ltr'><strong><em>parva</em></strong></span> 
     </span>
     <span class='ocr_line' id='line_1_24' title="bbox 73 2119 1094 2205; baseline 0.003 -19"><span class='ocrx_word' id='word_1_168' title='bbox 73 2120 262 2204; x_wconf 86' lang='lat' dir='ltr'><strong><em>quantitate</em></strong></span> <span class='ocrx_word' id='word_1_169' title='bbox 284 2122 367 2186; x_wconf 73' lang='lat' dir='ltr'><strong><em>essm</em></strong></span> <span class='ocrx_word' id='word_1_170' title='bbox 389 2119 537 2199; x_wconf 89' lang='lat' dir='ltr'><strong><em>materia,</em></strong></span> <span class='ocrx_word' id='word_1_171' title='bbox 559 2120 638 2204; x_wconf 91' lang='lat' dir='ltr'><strong><em>quia</em></strong></span> <span class='ocrx_word' id='word_1_172' title='bbox 662 2125 811 2192; x_wconf 82' lang='lat' dir='ltr'><strong><em>remanet</em></strong></span> <span class='ocrx_word' id='word_1_173' title='bbox 833 2119 958 2205; x_wconf 89' lang='lat' dir='ltr'><strong><em>species</em></strong></span> <span class='ocrx_word' id='word_1_174' title='bbox 981 2121 1094 2188; x_wconf 90' lang='lat' dir='ltr'><strong><em>tritici.</em></strong></span> 
     </span>
     <span class='ocr_line' id='line_1_25' title="bbox 75 2208 1097 2298; baseline 0.006 -24"><span class='ocrx_word' id='word_1_175' title='bbox 75 2209 160 2274; x_wconf 90' lang='lat' dir='ltr'><strong><em>ltem</em></strong></span> <span class='ocrx_word' id='word_1_176' title='bbox 184 2209 278 2293; x_wconf 89' lang='lat' dir='ltr'><strong><em>panis</em></strong></span> <span class='ocrx_word' id='word_1_177' title='bbox 299 2214 486 2295; x_wconf 87' lang='lat' dir='ltr'><strong><em>corruptus,</em></strong></span> <span class='ocrx_word' id='word_1_178' title='bbox 504 2208 532 2273; x_wconf 86' lang='lat' dir='ltr'><strong><em>si</em></strong></span> <span class='ocrx_word' id='word_1_179' title='bbox 555 2213 662 2276; x_wconf 88' lang='lat' dir='ltr'><strong><em>mutat</em></strong></span> <span class='ocrx_word' id='word_1_180' title='bbox 684 2210 826 2298; x_wconf 90' lang='lat' dir='ltr'><strong><em>speciem</em></strong></span> <span class='ocrx_word' id='word_1_181' title='bbox 851 2214 888 2279; x_wconf 90' lang='lat' dir='ltr'><strong><em>ut</em></strong></span> <span class='ocrx_word' id='word_1_182' title='bbox 904 2209 932 2276; x_wconf 90' lang='lat' dir='ltr'><strong><em>si</em></strong></span> <span class='ocrx_word' id='word_1_183' title='bbox 947 2215 1097 2280; x_wconf 88' lang='lat' dir='ltr'><strong><em>mutatur</em></strong></span> 
     </span>
     <span class='ocr_line' id='line_1_26' title="bbox 73 2299 1097 2384; baseline 0.004 -19"><span class='ocrx_word' id='word_1_184' title='bbox 73 2318 183 2383; x_wconf 89' lang='lat' dir='ltr'><strong><em>sapor,</em></strong></span> <span class='ocrx_word' id='word_1_185' title='bbox 208 2299 307 2379; x_wconf 88' lang='lat' dir='ltr'><strong><em>color,</em></strong></span> <span class='ocrx_word' id='word_1_186' title='bbox 331 2302 395 2368; x_wconf 86' lang='lat' dir='ltr'><strong><em>etc.</em></strong></span> <span class='ocrx_word' id='word_1_187' title='bbox 418 2319 486 2366; x_wconf 93' lang='lat' dir='ltr'><strong><em>non</em></strong></span> <span class='ocrx_word' id='word_1_188' title='bbox 511 2304 559 2364; x_wconf 90' lang='lat' dir='ltr'><strong><em>est</em></strong></span> <span class='ocrx_word' id='word_1_189' title='bbox 581 2304 741 2384; x_wconf 83' lang='lat' dir='ltr'><strong><em>materia3</em></strong></span> <span class='ocrx_word' id='word_1_190' title='bbox 759 2301 799 2368; x_wconf 27' lang='lat' dir='ltr'><strong><em>*si</em></strong></span> <span class='ocrx_word' id='word_1_191' title='bbox 829 2320 897 2367; x_wconf 89' lang='lat' dir='ltr'><strong><em>non</em></strong></span> <span class='ocrx_word' id='word_1_192' title='bbox 927 2304 976 2366; x_wconf 85' lang='lat' dir='ltr'><strong><em>est</em></strong></span> <span class='ocrx_word' id='word_1_193' title='bbox 1003 2303 1097 2368; x_wconf 87' lang='lat' dir='ltr'><strong><em>tanta</em></strong></span> 
     </span>
     <span class='ocr_line' id='line_1_27' title="bbox 75 2388 1095 2472; baseline 0.003 -18"><span class='ocrx_word' id='word_1_194' title='bbox 75 2388 262 2471; x_wconf 87' lang='lat' dir='ltr'><strong><em>corruptio,</em></strong></span> <span class='ocrx_word' id='word_1_195' title='bbox 286 2393 319 2455; x_wconf 88' lang='lat' dir='ltr'><strong><em>et</em></strong></span> <span class='ocrx_word' id='word_1_196' title='bbox 342 2390 490 2456; x_wconf 87' lang='lat' dir='ltr'><strong><em>remanet</em></strong></span> <span class='ocrx_word' id='word_1_197' title='bbox 511 2389 647 2472; x_wconf 90' lang='lat' dir='ltr'><strong><em>species,</em></strong></span> <span class='ocrx_word' id='word_1_198' title='bbox 671 2396 720 2458; x_wconf 90' lang='lat' dir='ltr'><strong><em>est</em></strong></span> <span class='ocrx_word' id='word_1_199' title='bbox 742 2391 907 2457; x_wconf 83' lang='lat' dir='ltr'><strong><em>sufficiens</em></strong></span> <span class='ocrx_word' id='word_1_200' title='bbox 936 2391 1095 2472; x_wconf 90' lang='lat' dir='ltr'><strong><em>materia,</em></strong></span> 
     </span>
     <span class='ocr_line' id='line_1_28' title="bbox 76 2478 1094 2562; baseline 0 -17"><span class='ocrx_word' id='word_1_201' title='bbox 76 2479 137 2546; x_wconf 86' lang='lat' dir='ltr'><strong><em>scd</em></strong></span> <span class='ocrx_word' id='word_1_202' title='bbox 160 2478 218 2562; x_wconf 90' lang='lat' dir='ltr'><strong><em>qui</em></strong></span> <span class='ocrx_word' id='word_1_203' title='bbox 241 2478 278 2545; x_wconf 92' lang='lat' dir='ltr'><strong><em>in</em></strong></span> <span class='ocrx_word' id='word_1_204' title='bbox 301 2497 339 2546; x_wconf 89' lang='lat' dir='ltr'><strong><em>ea</em></strong></span> <span class='ocrx_word' id='word_1_205' title='bbox 360 2478 538 2544; x_wconf 89' lang='lat' dir='ltr'><strong><em>conticeret</em></strong></span> <span class='ocrx_word' id='word_1_206' title='bbox 561 2485 712 2562; x_wconf 89' lang='lat' dir='ltr'><strong><em>peccaret</em></strong></span> <span class='ocrx_word' id='word_1_207' title='bbox 750 2481 793 2547; x_wconf 90' lang='lat' dir='ltr'><strong><em>ob</em></strong></span> <span class='ocrx_word' id='word_1_208' title='bbox 831 2479 1094 2547; x_wconf 89' lang='lat' dir='ltr'><strong><em>irreverentiam.</em></strong></span> 
     </span>
     <span class='ocr_line' id='line_1_29' title="bbox 74 2568 1094 2654; baseline 0.001 -20"><span class='ocrx_word' id='word_1_209' title='bbox 74 2568 157 2635; x_wconf 88' lang='lat' dir='ltr'><strong><em>item</em></strong></span> <span class='ocrx_word' id='word_1_210' title='bbox 181 2569 329 2636; x_wconf 91' lang='lat' dir='ltr'><strong><em>amidnm</em></strong></span> <span class='ocrx_word' id='word_1_211' title='bbox 346 2587 413 2634; x_wconf 91' lang='lat' dir='ltr'><strong><em>non</em></strong></span> <span class='ocrx_word' id='word_1_212' title='bbox 429 2571 478 2633; x_wconf 88' lang='lat' dir='ltr'><strong><em>est</em></strong></span> <span class='ocrx_word' id='word_1_213' title='bbox 493 2568 640 2648; x_wconf 86' lang='lat' dir='ltr'><strong><em>materia,</em></strong></span> <span class='ocrx_word' id='word_1_214' title='bbox 653 2570 731 2654; x_wconf 91' lang='lat' dir='ltr'><strong><em>quia</em></strong></span> <span class='ocrx_word' id='word_1_215' title='bbox 745 2591 787 2636; x_wconf 83' lang='lat' dir='ltr'><strong><em>ex</em></strong></span> <span class='ocrx_word' id='word_1_216' title='bbox 803 2569 912 2636; x_wconf 90' lang='lat' dir='ltr'><strong><em>tritico</em></strong></span> <span class='ocrx_word' id='word_1_217' title='bbox 927 2573 1094 2652; x_wconf 88' lang='lat' dir='ltr'><strong><em>corrupta.</em></strong></span> 
     </span>
     <span class='ocr_line' id='line_1_30' title="bbox 54 2655 1095 2745; baseline 0.002 -19"><span class='ocrx_word' id='word_1_218' title='bbox 54 2657 119 2726; x_wconf 83' lang='lat' dir='ltr'><strong><em>Art.</em></strong></span> <span class='ocrx_word' id='word_1_219' title='bbox 144 2655 177 2727; x_wconf 74' lang='grc'><strong><em>4.</em></strong></span> <span class='ocrx_word' id='word_1_220' title='bbox 200 2657 251 2728; x_wconf 80' lang='lat' dir='ltr'><strong><em>Aa</em></strong></span> <span class='ocrx_word' id='word_1_221' title='bbox 273 2661 328 2726; x_wconf 83' lang='lat' dir='ltr'><strong><em>tac</em></strong></span> <span class='ocrx_word' id='word_1_222' title='bbox 350 2665 571 2726; x_wconf 80' lang='lat' dir='ltr'><strong><em>sacramentam</em></strong></span> <span class='ocrx_word' id='word_1_223' title='bbox 592 2657 695 2728; x_wconf 69' lang='lat' dir='ltr'><strong><em>micat</em></strong></span> <span class='ocrx_word' id='word_1_224' title='bbox 707 2661 817 2745; x_wconf 78' lang='lat' dir='ltr'><strong><em>confici</em></strong></span> <span class='ocrx_word' id='word_1_225' title='bbox 831 2678 870 2726; x_wconf 83' lang='lat' dir='ltr'><strong><em>ca</em></strong></span> <span class='ocrx_word' id='word_1_226' title='bbox 881 2679 961 2744; x_wconf 86' lang='lat' dir='ltr'><strong><em>pane</em></strong></span> <span class='ocrx_word' id='word_1_227' title='bbox 975 2678 1095 2742; x_wconf 79' lang='lat' dir='ltr'><strong><em>asyma.</em></strong></span> 
     </span>
     <span class='ocr_line' id='line_1_31' title="bbox 77 2748 1095 2834; baseline 0 -18"><span class='ocrx_word' id='word_1_228' title='bbox 77 2752 111 2834; x_wconf 93' lang='grc' dir='ltr'><strong><em>ιι.</em></strong></span> <span class='ocrx_word' id='word_1_229' title='bbox 136 2749 208 2816; x_wconf 89' lang='lat' dir='ltr'><strong><em>Non</em></strong></span> <span class='ocrx_word' id='word_1_230' title='bbox 231 2752 280 2814; x_wconf 89' lang='lat' dir='ltr'><strong><em>est</em></strong></span> <span class='ocrx_word' id='word_1_231' title='bbox 301 2749 344 2815; x_wconf 90' lang='lat' dir='ltr'><strong><em>de</em></strong></span> <span class='ocrx_word' id='word_1_232' title='bbox 362 2748 552 2815; x_wconf 81' lang='lat' dir='ltr'><strong><em>necessitate</em></strong></span> <span class='ocrx_word' id='word_1_233' title='bbox 574 2751 780 2829; x_wconf 83' lang='lat' dir='ltr'><strong><em>sacramenti,</em></strong></span> <span class='ocrx_word' id='word_1_234' title='bbox 805 2752 838 2816; x_wconf 89' lang='lat' dir='ltr'><strong><em>et</em></strong></span> <span class='ocrx_word' id='word_1_235' title='bbox 860 2749 918 2834; x_wconf 93' lang='lat' dir='ltr'><strong><em>qui</em></strong></span> <span class='ocrx_word' id='word_1_236' title='bbox 942 2768 1009 2816; x_wconf 89' lang='lat' dir='ltr'><strong><em>non</em></strong></span> <span class='ocrx_word' id='word_1_237' title='bbox 1025 2769 1095 2816; x_wconf 91' lang='lat' dir='ltr'><strong><em>ser·</em></strong></span> 
     </span>
     <span class='ocr_line' id='line_1_32' title="bbox 75 2837 1093 2922; baseline 0.005 -20"><span class='ocrx_word' id='word_1_238' title='bbox 75 2841 134 2903; x_wconf 84' lang='lat' dir='ltr'><strong><em>vat</em></strong></span> <span class='ocrx_word' id='word_1_239' title='bbox 156 2857 255 2905; x_wconf 88' lang='lat' dir='ltr'><strong><em>suum</em></strong></span> <span class='ocrx_word' id='word_1_240' title='bbox 277 2837 381 2905; x_wconf 91' lang='lat' dir='ltr'><strong><em>ritum</em></strong></span> <span class='ocrx_word' id='word_1_241' title='bbox 405 2840 526 2922; x_wconf 88' lang='lat' dir='ltr'><strong><em>peccat,</em></strong></span> <span class='ocrx_word' id='word_1_242' title='bbox 550 2838 634 2904; x_wconf 88' lang='lat' dir='ltr'><strong><em>idest</em></strong></span> <span class='ocrx_word' id='word_1_243' title='bbox 658 2839 803 2908; x_wconf 85' lang='lat' dir='ltr'><strong><em>Graecus</em></strong></span> <span class='ocrx_word' id='word_1_244' title='bbox 825 2839 862 2905; x_wconf 92' lang='lat' dir='ltr'><strong><em>in</em></strong></span> <span class='ocrx_word' id='word_1_245' title='bbox 885 2839 1093 2920; x_wconf 79' lang='lat' dir='ltr'><strong><em>fermentate,</em></strong></span> 
     </span>
     <span class='ocr_line' id='line_1_33' title="bbox 76 2927 1113 3012; baseline 0.002 -16"><span class='ocrx_word' id='word_1_246' title='bbox 76 2928 209 2996; x_wconf 84' lang='lat' dir='ltr'><strong><em>Latinus</em></strong></span> <span class='ocrx_word' id='word_1_247' title='bbox 233 2928 268 2994; x_wconf 93' lang='lat' dir='ltr'><strong><em>in</em></strong></span> <span class='ocrx_word' id='word_1_248' title='bbox 292 2947 426 3012; x_wconf 72' lang='grc' dir='ltr'>ιιιιιιοε</span> <span class='ocrx_word' id='word_1_249' title='bbox 451 2927 677 2996; x_wconf 79' lang='lat' dir='ltr'><strong><em>rationabilior</em></strong></span> <span class='ocrx_word' id='word_1_250' title='bbox 703 2933 752 2996; x_wconf 86' lang='lat' dir='ltr'><strong><em>est</em></strong></span> <span class='ocrx_word' id='word_1_251' title='bbox 780 2930 985 2997; x_wconf 85' lang='lat' dir='ltr'><strong><em>consuetude</em></strong></span> <span class='ocrx_word' id='word_1_252' title='bbox 1014 2949 1113 2998; x_wconf 64' lang='lat' dir='ltr'><strong><em>conr</em></strong></span> 
     </span>
     <span class='ocr_line' id='line_1_34' title="bbox 75 3016 1093 3103; baseline 0.002 -18"><span class='ocrx_word' id='word_1_253' title='bbox 75 3016 229 3086; x_wconf 81' lang='lat' dir='ltr'><strong><em>sacrandi</em></strong></span> <span class='ocrx_word' id='word_1_254' title='bbox 250 3016 287 3084; x_wconf 92' lang='lat' dir='ltr'><strong><em>in</em></strong></span> <span class='ocrx_word' id='word_1_255' title='bbox 310 3036 434 3103; x_wconf 86' lang='lat' dir='ltr'><strong><em>azymo,</em></strong></span> <span class='ocrx_word' id='word_1_256' title='bbox 457 3016 535 3102; x_wconf 91' lang='lat' dir='ltr'><strong><em>quia</em></strong></span> <span class='ocrx_word' id='word_1_257' title='bbox 558 3016 704 3085; x_wconf 88' lang='lat' dir='ltr'><strong><em>Christus</em></strong></span> <span class='ocrx_word' id='word_1_258' title='bbox 727 3018 870 3086; x_wconf 89' lang='lat' dir='ltr'><strong><em>instituit</em></strong></span> <span class='ocrx_word' id='word_1_259' title='bbox 901 3018 1009 3103; x_wconf 91' lang='lat' dir='ltr'><strong><em>prima</em></strong></span> <span class='ocrx_word' id='word_1_260' title='bbox 1037 3019 1093 3087; x_wconf 92' lang='lat' dir='ltr'><strong><em>die</em></strong></span> 
     </span>
     <span class='ocr_line' id='line_1_35' title="bbox 74 3106 1093 3196; baseline 0.002 -20"><span class='ocrx_word' id='word_1_261' title='bbox 74 3109 282 3194; x_wconf 75' lang='lat' dir='ltr'><strong><em>Azymorum</em></strong></span> <span class='ocrx_word' id='word_1_262' title='bbox 305 3108 364 3173; x_wconf 89' lang='lat' dir='ltr'><strong><em>sed</em></strong></span> <span class='ocrx_word' id='word_1_263' title='bbox 385 3106 498 3174; x_wconf 86' lang='lat' dir='ltr'><strong><em>Graeci</em></strong></span> <span class='ocrx_word' id='word_1_264' title='bbox 532 3110 729 3176; x_wconf 86' lang='lat' dir='ltr'><strong><em>consecrant</em></strong></span> <span class='ocrx_word' id='word_1_265' title='bbox 751 3106 786 3175; x_wconf 93' lang='lat' dir='ltr'><strong><em>in</em></strong></span> <span class='ocrx_word' id='word_1_266' title='bbox 809 3108 1032 3196; x_wconf 84' lang='lat' dir='ltr'><strong><em>fermentato,</em></strong></span> <span class='ocrx_word' id='word_1_267' title='bbox 1055 3109 1093 3178; x_wconf 93' lang='lat' dir='ltr'><strong><em>in</em></strong></span> 
     </span>
     <span class='ocr_line' id='line_1_36' title="bbox 76 3196 997 3283; baseline -0.003 -17"><span class='ocrx_word' id='word_1_268' title='bbox 76 3197 327 3266; x_wconf 86' lang='lat' dir='ltr'><strong><em>detestationem</em></strong></span> <span class='ocrx_word' id='word_1_269' title='bbox 350 3216 476 3276; x_wconf 90' lang='lat' dir='ltr'><strong><em>eorum,</em></strong></span> <span class='ocrx_word' id='word_1_270' title='bbox 499 3196 557 3281; x_wconf 92' lang='lat' dir='ltr'><strong><em>qui</em></strong></span> <span class='ocrx_word' id='word_1_271' title='bbox 581 3199 699 3266; x_wconf 90' lang='lat' dir='ltr'><strong><em>volunt</em></strong></span> <span class='ocrx_word' id='word_1_272' title='bbox 720 3197 847 3264; x_wconf 88' lang='lat' dir='ltr'><strong><em>servari</em></strong></span> <span class='ocrx_word' id='word_1_273' title='bbox 869 3197 997 3283; x_wconf 79' lang='lat' dir='ltr'><strong><em>legatia.</em></strong></span> 
     </span>
     <span class='ocr_line' id='line_1_37' title="bbox 76 3286 1092 3371; baseline 0.001 -15"><span class='ocrx_word' id='word_1_274' title='bbox 76 3287 304 3362; x_wconf 80' lang='lat' dir='ltr'><strong><em>*solemnitas</em></strong></span> <span class='ocrx_word' id='word_1_275' title='bbox 328 3286 485 3371; x_wconf 85' lang='lat' dir='ltr'><strong><em>paschalis</em></strong></span> <span class='ocrx_word' id='word_1_276' title='bbox 508 3286 685 3371; x_wconf 88' lang='lat' dir='ltr'><strong><em>incipiebat</em></strong></span> <span class='ocrx_word' id='word_1_277' title='bbox 707 3307 727 3354; x_wconf 94' lang='lat' dir='ltr'><strong><em>a</em></strong></span> <span class='ocrx_word' id='word_1_278' title='bbox 752 3287 896 3371; x_wconf 87' lang='lat' dir='ltr'><strong><em>vesperis</em></strong></span> <span class='ocrx_word' id='word_1_279' title='bbox 932 3287 1092 3356; x_wconf 85' lang='lat' dir='ltr'><strong><em>decimae·</em></strong></span> 
     </span>
     <span class='ocr_line' id='line_1_38' title="bbox 77 3378 501 3462; baseline -0.005 -18"><span class='ocrx_word' id='word_1_280' title='bbox 77 3381 214 3462; x_wconf 90' lang='lat' dir='ltr'><strong><em>quartae</em></strong></span> <span class='ocrx_word' id='word_1_281' title='bbox 235 3378 344 3444; x_wconf 88' lang='lat' dir='ltr'><strong><em>lunae.</em></strong></span> <span class='ocrx_word' id='word_1_282' title='bbox 499 3442 501 3450; x_wconf 85' lang='grc'>,</span> 
     </span>
    </p>

    <p class='ocr_par' dir='ltr' id='par_1_7' title="bbox 58 3465 1091 3646">
     <span class='ocr_line' id='line_1_39' title="bbox 58 3465 1091 3575; baseline 0.001 -42"><span class='ocrx_word' id='word_1_283' title='bbox 58 3465 120 3534; x_wconf 83' lang='lat' dir='ltr'><strong><em>Art.</em></strong></span> <span class='ocrx_word' id='word_1_284' title='bbox 144 3467 177 3534; x_wconf 93' lang='grc'><strong><em>5.</em></strong></span> <span class='ocrx_word' id='word_1_285' title='bbox 199 3466 249 3534; x_wconf 83' lang='lat' dir='ltr'><strong><em>An</em></strong></span> <span class='ocrx_word' id='word_1_286' title='bbox 271 3469 377 3534; x_wconf 81' lang='lat' dir='ltr'><strong><em>cinam</em></strong></span> <span class='ocrx_word' id='word_1_287' title='bbox 397 3469 472 3534; x_wconf 82' lang='lat' dir='ltr'><strong><em>citis</em></strong></span> <span class='ocrx_word' id='word_1_288' title='bbox 494 3469 538 3534; x_wconf 83' lang='lat' dir='ltr'><strong><em>sit</em></strong></span> <span class='ocrx_word' id='word_1_289' title='bbox 554 3470 684 3552; x_wconf 78' lang='lat' dir='ltr'><strong><em>propria</em></strong></span> <span class='ocrx_word' id='word_1_290' title='bbox 705 3471 1038 3538; x_wconf 74' lang='lat' dir='ltr'><strong><em>mammasmramcnti.</em></strong></span> <span class='ocrx_word' id='word_1_291' title='bbox 1054 3472 1091 3575; x_wconf 77' lang='grc' dir='ltr'><strong><em>ιι.</em></strong></span> 
     </span>
     <span class='ocr_line' id='line_1_40' title="bbox 78 3555 1091 3646; baseline 0.006 -20"><span class='ocrx_word' id='word_1_292' title='bbox 78 3557 138 3639; x_wconf 84' lang='lat' dir='ltr'><strong><em>Sic,</em></strong></span> <span class='ocrx_word' id='word_1_293' title='bbox 161 3555 240 3643; x_wconf 84' lang='lat' dir='ltr'><strong><em>quia</em></strong></span> <span class='ocrx_word' id='word_1_294' title='bbox 262 3556 441 3628; x_wconf 85' lang='lat' dir='ltr'><strong><em>Christus</em></strong></span> <span class='ocrx_word' id='word_1_295' title='bbox 430 3577 466 3628; x_wconf 91' lang='grc' dir='ltr'><strong><em>ιιι</em></strong></span> <span class='ocrx_word' id='word_1_296' title='bbox 489 3577 528 3626; x_wconf 89' lang='lat' dir='ltr'><strong><em>en</em></strong></span> <span class='ocrx_word' id='word_1_297' title='bbox 549 3559 755 3634; x_wconf 80' lang='lat' dir='ltr'><strong><em>consecravit</em></strong></span> <span class='ocrx_word' id='word_1_298' title='bbox 776 3564 810 3630; x_wconf 90' lang='lat' dir='ltr'><strong><em>et</em></strong></span> <span class='ocrx_word' id='word_1_299' title='bbox 824 3558 941 3629; x_wconf 90' lang='lat' dir='ltr'><strong><em>vinnm</em></strong></span> <span class='ocrx_word' id='word_1_300' title='bbox 956 3559 1091 3646; x_wconf 86' lang='lat' dir='ltr'><strong><em>proprie</em></strong></span> 
     </span>
    </p>
   </div>
   <div class='ocr_carea' id='block_1_3' title="bbox 0 0 1315 4190">
    <p class='ocr_par' dir='ltr' id='par_1_8' title="bbox 0 0 1315 4190">
     <span class='ocr_line' id='line_1_41' title="bbox 0 0 1315 4190; baseline 0 0"><span class='ocrx_word' id='word_1_301' title='bbox 0 0 1315 4190; x_wconf 95' lang='lat' dir='ltr'><strong><em> </em></strong></span> 
     </span>
    </p>
   </div>
  </div>
 </body>
</html>
