2608 4220
226 148 406 257 ji}-
583 165 629 216 ux
654 164 918 218 suopnnunuro

225 280 294 350 Art.
316 282 348 348 2.
372 281 420 350 Ac
443 283 567 348 aureolo
588 283 711 364 differat
731 304 750 351 c
772 285 885 368 fructu
911 285 946 367 ri.
969 281 1039 362 Sic,
1055 284 1087 348 et
1109 281 1204 348 varia
1221 301 1268 349 ra·

250 372 339 438 tione
362 372 636 456 distinguuntur,
664 373 744 457 quie
765 375 890 440 tructus
914 375 963 437 est
991 367 1151 456 gaudium
1173 372 1269 456 spiri·

248 461 414 541 tuolitotis,
438 463 527 546 quod
549 464 690 528 habetur
713 483 754 529 ex
777 481 877 545 opere
900 481 959 545 per
983 461 1126 530 Verbum
1149 461 1220 543 Dei,
1238 466 1269 528 et

250 551 345 616 multi
369 552 492 617 habent
515 552 652 630 tructus,
674 554 732 619 sed
755 572 826 618 non
849 552 1006 618 aureolas.

226 638 294 706 Art.
319 641 349 708 3.
373 641 424 706 Ac
456 641 576 724 poetro
599 641 738 710 debeatur
767 642 827 709 ocii
848 644 961 710 virtuti
982 643 1201 710 continentiae.
1236 643 1268 725 ri.

249 729 347 814 Magis
369 730 595 809 continentiae,
619 733 696 817 quio
719 733 846 800 tructus
868 733 1010 798 debetur
1032 750 1072 797 ex
1096 733 1269 815 hoc,quod

248 839 267 884 a
290 818 414 886 corneli
437 819 506 886 vite
529 820 564 886 in
579 821 784 904 spirituatem
799 821 928 901 transit,
951 821 1041 907 quod
1063 823 1101 886 tit
1116 840 1176 904 per
1190 841 1269 888 con·

249 909 424 975 tinentiom
448 910 590 993 proprie.

226 997 294 1068 Art.
318 999 350 1066 lt.
372 1001 422 1066 Au
454 1003 666 1068 convenienter
699 1004 895 1086 acciperentur
925 1007 986 1067 tres
1018 1001 1139 1086 frictus
1174 997 1269 1067 etim

249 1091 456 1156 continentiae
476 1088 626 1173 pertitus.
652 1093 688 1176 ri.
709 1092 783 1170 Sic,
810 1092 888 1176 quia
917 1089 1130 1157 continentiae
1154 1090 1268 1156 coniu-

250 1178 313 1262 gali
336 1179 435 1244 datur
450 1180 577 1245 tructus
593 1179 794 1266 trigesimum
808 1180 933 1246 viduali
951 1180 1187 1265 sexagesimum
1201 1179 1269 1244 vir-

249 1266 352 1354 ginali
375 1265 592 1334 centesimus:
624 1274 658 1335 et
687 1271 740 1338 hie
768 1271 895 1336 tructus
917 1269 974 1354 qui
997 1265 1267 1336 est'aecidenteic

249 1357 444 1442 proemium,
469 1378 536 1425 uon
560 1359 660 1426 datur
683 1360 837 1427 omnibus
859 1359 1045 1439 salvandis,
1068 1365 1107 1428 ut
1128 1359 1266 1426 carnaii-

250 1449 323 1526 bus,
344 1447 401 1533 qui
425 1446 460 1512 in
484 1449 551 1514 tine
575 1453 826 1520 convertuntur.

226 1537 294 1605 Art.
318 1537 350 1602 5.
374 1537 425 1603 Ac
447 1539 570 1604 ocreoic
603 1539 742 1607 detectio
774 1538 957 1624 cirpictioo.
987 1541 1022 1624 ri.
1045 1537 1107 1624 Sic,
1130 1537 1210 1623 quio
1234 1537 1265 1603 in
1294 1593 1295 1630 ἦ

249 1626 300 1693 his
322 1630 370 1692 est
394 1625 584 1711 praecellens
614 1631 698 1697 ratio
711 1627 888 1708 uictoriae,
913 1633 946 1694 ct
978 1629 1025 1695 sic
1054 1627 1101 1694 eis
1127 1628 1267 1694 debetur

248 1715 395 1801 specialis
418 1718 526 1802 aliqua
550 1738 692 1798 corona,
716 1720 799 1787 idest
822 1721 974 1797 aureola,
998 1721 1031 1785 et
1053 1718 1196 1784 debetur
1219 1717 1268 1783 his

249 1811 379 1875 tantum
402 1826 476 1893 quoe
499 1810 688 1875 habuerunt
710 1810 912 1894 propositum
927 1807 1084 1874 servandi
1111 1811 1268 1892 perpetuo

249 1897 486 1983 virginitatem,
509 1897 579 1963 sive
601 1918 678 1965 cum
701 1902 795 1979 voto,
818 1899 887 1965 sive
909 1898 981 1965 sine
1004 1900 1092 1966 voto.
1116 1896 1221 1978 item,
1244 1898 1268 1964 si

248 1988 381 2055 aureolo
396 1987 486 2072 large
499 1990 660 2069 sumatur,
677 1992 715 2054 ut
727 2008 786 2072 pro
802 2007 1011 2074 quocumque
1034 1986 1166 2073 gaudio,
1181 1989 1268 2074 quod

249 2080 355 2162 potest
388 2077 503 2144 haberi
525 2097 624 2162 supra
654 2078 814 2163 gaudium
838 2077 1029 2158 essentiale,
1058 2081 1141 2144 tunc
1165 2081 1269 2162 potest

249 2169 434 2250 competere
456 2166 555 2232 otiam
578 2188 646 2234 uon
671 2168 866 2253 virginibus.
890 2168 981 2249 ltem,
996 2168 1091 2254 virgo
1106 2167 1268 2234 violenter

249 2274 403 2339 oppressa
425 2275 493 2324 uon
516 2257 638 2323 omittit
660 2259 826 2324 aureolam
838 2307 848 2338 ,
862 2258 909 2324 sic
924 2276 965 2324 ex
981 2258 1058 2324 diva
1080 2256 1198 2337 Lucio,
1214 2258 1267 2322 tri·

249 2345 317 2432 gidi
340 2349 373 2412 et
396 2346 539 2412 eunuchi
562 2345 589 2411 si
612 2348 736 2414 habent
751 2348 954 2432 propositum
972 2346 1195 2434 virginitatis,
1211 2349 1269 2413 ha·

249 2437 376 2502 bebunt
398 2434 574 2501 aureolam.

225 2524 294 2592 Art.
318 2524 349 2592 6.
372 2523 630 2610 inmartyribus
653 2525 793 2595 moerim
815 2528 947 2594 aureolo.
971 2529 1006 2611 ri.
1026 2526 1094 2611 Sic,
1120 2524 1197 2611 quio
1211 2527 1268 2591 ha·

250 2617 330 2682 bont
359 2614 517 2681 maiorem
552 2615 725 2682 victoriam
759 2637 801 2682 ex
835 2636 947 2702 pugna
980 2634 1080 2701 quom
1111 2614 1267 2700 virgines

248 2706 350 2773 Causa
371 2704 537 2770 sufficiens
559 2704 602 2770 od
625 2706 823 2791 martyrium
840 2726 907 2774 non
923 2707 1030 2773 solum
1045 2709 1093 2771 est
1108 2705 1266 2770 confessio

247 2791 336 2874 fidei,
358 2795 417 2860 sed
439 2812 657 2879 quoecumque
680 2796 741 2862 alie
764 2796 882 2878 virtus,
904 2816 977 2880 qum
1000 2814 1061 2879 pro
1079 2794 1146 2860 flne
1170 2795 1268 2860 habet

247 2883 422 2962 Christum,
446 2886 484 2951 ut
506 2883 542 2948 B.
564 2881 684 2968 Agnes,
708 2905 782 2970 quae
806 2904 867 2970 pro
889 2885 1081 2970 virginitate
1102 2885 1268 2950 servanda

247 2978 377 3040 mortua
400 2975 459 3055 est,
481 2972 544 3038 fuit
566 2978 705 3058 martyr.
721 2974 812 3058 item,
827 2977 990 3060 martyres
1005 2977 1096 3054 actu,
1120 2992 1189 3040 non
1210 2993 1267 3039 vo·

246 3063 385 3142 luntate,
407 3065 446 3128 ut
468 3061 671 3143 innocentes,
695 3064 753 3148 qui
776 3064 859 3149 passi
874 3069 952 3129 suut
967 3082 1028 3147 pro
1043 3061 1187 3139 Christo,
1209 3065 1268 3128 ho-

245 3154 329 3219 bent
350 3152 516 3219 aureolam
541 3173 608 3219 uon
625 3154 809 3219 secundum
825 3155 1003 3237 perfectum
1020 3153 1194 3232 rationem,
1209 3154 1268 3219 sed

246 3242 430 3309 secuudum
452 3244 620 3327 quondam
643 3241 939 3328 participationem.

225 3331 293 3401 Art.
317 3331 349 3400 t.
371 3331 421 3399 Au
443 3331 612 3400 doctoribus
634 3331 774 3400 uterer
796 3335 929 3401 curceio.
954 3335 989 3418 ri.
1013 3331 1082 3406 Sic,
1109 3331 1268 3416 quiade

247 3423 353 3489 cendo
376 3426 409 3487 ct
432 3422 644 3507 praedicando
667 3423 819 3489 obtinent
852 3421 1024 3489 victoriam
1058 3425 1176 3487 contra
1199 3421 1269 3488 dia·

248 3512 372 3591 bolum,
395 3511 488 3576 iilum
511 3511 705 3594 expellendo
727 3532 746 3576 a
769 3533 813 3592 se,
838 3518 871 3578 et
893 3516 935 3579 ab
958 3507 1040 3589 aliis,
1057 3509 1142 3576 sicut
1165 3511 1268 3596 virgi·

248 3619 307 3666 nes
330 3605 362 3666 et
385 3603 547 3683 martyres
570 3604 685 3668 eontra
707 3603 871 3668 mundum
896 3607 929 3668 et
950 3619 1095 3669 carnem.

226 3686 294 3758 Art.
317 3689 349 3757 8.
371 3686 422 3756 Au
446 3687 566 3756 Cirioto
587 3689 728 3760 dcteotiu
750 3693 882 3762 corceio.
907 3693 942 3776 ri.
966 3690 1094 3758 Christo
1108 3688 1268 3775 competit
