2614 4190
267 93 336 164 tto
527 110 575 162 ux
598 106 766 164 saeuum
790 107 968 166 sueonum

218 227 288 300 Art.
313 229 343 296 l.
366 225 415 296 Au
437 231 473 295 iu
495 228 640 312 baptismo
663 230 841 312 requiratur
863 246 941 310 equo
956 228 1096 310 simplae.
1111 228 1148 311 rt.
1165 226 1266 292 Dum·

243 319 342 386 modo
364 318 406 382 sit
429 318 464 383 in
486 318 593 402 speeie
616 338 730 403 aquae,
752 317 919 402 quaelibet
941 337 1026 400 aqua
1050 322 1099 382 est
1122 317 1264 382 materia

243 407 408 492 baptismi,
430 408 488 473 sed
511 408 546 473 in
570 408 656 486 luto,
679 408 730 474 vel
754 408 834 474 vino
864 407 1039 490 limpham,
1069 426 1162 486 non,
1188 405 1270 491 quia

243 517 312 564 uon
336 500 384 562 est
406 517 508 582 aqua;
531 498 589 563 sed
607 498 643 562 in
658 517 743 582 aqua
759 496 893 564 turbida
909 496 962 561 vel
978 497 1095 575 calida,
1111 497 1172 573 sio,
1189 495 1270 579 quia

242 590 291 652 est
313 584 435 669 speeies
457 605 574 671 aquae3
599 585 646 652 sio
668 587 703 652 in
727 605 813 671 aqua
836 586 935 651 maris
942 605 952 665 ;
975 585 1011 650 in
1028 605 1114 671 aqua
1130 587 1271 651 decocta
1300 627 1301 644 .

243 676 279 742 in
302 675 479 742 elixatiouo
501 675 663 754 earnium,
687 674 752 741 nisi
775 677 848 760 plus
873 678 990 742 habeat
1006 676 1047 741 de
1063 675 1174 741 aliena
1189 677 1270 740 sub·

242 765 385 846 stantia3
409 765 550 831 undosi
572 785 613 830 ex
649 765 778 849 liquore
804 765 851 831 sie
883 766 1020 848 spissato
1054 765 1271 848 exprimatur

243 875 329 940 aqua
351 854 478 922 subtilis
497 901 507 934 ,
527 855 660 921 suflicit.
680 852 776 940 Aqua
798 874 840 920 ex
855 855 957 922 latere
971 853 1089 921 Christi
1106 855 1171 920 tuit
1188 871 1270 920 vera

245 965 347 1030 aqua,
371 944 534 1023 lixivium,
556 945 609 1010 vel
633 965 719 1031 aqua
740 945 885 1011 sulfurea
907 948 956 1011 est
971 964 1071 1030 aqua3
1096 945 1158 1010 sed
1182 963 1275 1010 rosa·

245 1054 314 1114 oea,
337 1035 390 1100 vel
413 1034 597 1114 alchimioa,
620 1055 701 1101 non.

223 1123 291 1192 rlrt.
315 1123 347 1194 a.
371 1123 423 1191 Au
444 1127 516 1192 tarr
537 1127 582 1190 sit
601 1125 781 1192 oouuruiaus
803 1126 917 1208 formu:
940 1125 1004 1210 Epo
1030 1131 1058 1190 tr
1087 1123 1213 1208 baptizo
1237 1125 1275 1188 iu

246 1217 369 1282 uomina
392 1211 510 1296 Putris,
534 1223 565 1280 at
584 1215 673 1293 Filii,
697 1222 728 1280 rt
747 1214 883 1297 Spiritus
905 1217 1015 1282 suueti
1041 1216 1076 1300 st.
1100 1214 1165 1293 Sia,
1190 1213 1272 1298 quia
1301 1190 1302 1280 l

246 1306 396 1370 eontinet
417 1322 548 1370 oausam
564 1304 791 1388 principalem,
804 1304 839 1370 in
852 1305 988 1372 nomine
1003 1305 1118 1385 Patris,
1136 1308 1170 1370 et
1187 1302 1276 1382 Filii,

247 1398 281 1458 et
303 1392 445 1477 Spiritus
467 1393 583 1473 saneti,
606 1398 640 1460 ot
663 1393 961 1475 instrumentalem,
985 1395 1061 1478 Ego.

246 1483 262 1510 *
284 1482 397 1549 Graeoi
421 1483 614 1567 exprimunt
635 1488 745 1550 autum
777 1484 920 1551 ministri
954 1484 1123 1551 dieentes:
1159 1480 1276 1565 Bapti-

249 1575 356 1657 aetur3
381 1572 456 1658 Ego,
479 1593 548 1639 non
572 1578 621 1639 est
643 1574 685 1640 ds
706 1573 889 1640 substantia
905 1570 1194 1640 torniamento
1211 1590 1273 1654 po·

247 1665 312 1727 test
333 1662 405 1729 fleri
428 1665 471 1730 ob
486 1663 605 1730 multas
620 1681 741 1743 causas,
757 1682 836 1747 ergo
851 1662 1063 1729 terminanda
1080 1681 1141 1746 per
1153 1664 1272 1727 verba.

247 1749 352 1819 Verba
375 1754 510 1834 formae,
533 1771 601 1819 non
625 1753 732 1820 solum
755 1753 1018 1836 pronuntiantur
1040 1771 1139 1818 eausa
1161 1749 1271 1835 signi-

247 1841 380 1922 ficandi,
403 1846 452 1909 set
473 1842 574 1909 etiam
596 1842 773 1910 alliciendi.
796 1842 909 1910 Plures
932 1842 1029 1909 simul
1043 1861 1112 1907 non
1130 1841 1273 1924 possunt

247 1949 355 2000 unum
378 1932 553 2016 baptisare,
576 1932 655 2017 qnia
677 1935 785 1998 omem
807 1933 919 2015 plnres
941 1936 1043 2013 aetus,
1067 1932 1209 2015 possunt
1225 1934 1275 1994 ta·

249 2038 325 2086 men
351 2023 461 2105 plures
483 2022 580 2089 simul
596 2021 756 2105 baptizari
770 2021 805 2087 in
824 2022 1026 2103 necessitato,
1043 2022 1188 2088 dicendo
1206 2019 1272 2102 Ego

248 2128 324 2192 vos;
348 2131 409 2178 nee
432 2112 718 2190 mutatoriorum,
742 2111 819 2197 quia
842 2116 891 2177 est
913 2131 952 2178 ae
973 2113 1000 2177 si
1023 2111 1194 2178 diceretur
1218 2109 1275 2186 'l'e,

232 2203 283 2265 -et
307 2203 352 2266 te:
378 2221 445 2268 non
471 2205 576 2285 potest
599 2220 686 2267 unus
702 2202 825 2273 lavare.
836 2204 869 2267 et
884 2202 967 2268 alius
982 2203 1093 2268 disere
1108 2201 1271 2277 formam;

250 2308 319 2355 non
343 2293 449 2374 potest
470 2310 505 2357 se
521 2291 697 2374 baptizare,
713 2291 790 2375 quia
804 2294 991 2358 mumrstur
1005 2293 1112 2357 torma
1127 2289 1276 2355 diruendo

233 2397 315 2444 me.
338 2379 418 2447 ltem
444 2380 564 2448 Christi
598 2380 702 2464 passio
730 2380 794 2445 luit
823 2380 1084 2448 instrumentalis
1119 2381 1275 2462 respectu

250 2467 429 2538 Trinitatis.
452 2470 528 2540 ldeo
552 2470 688 2555 ponitur
701 2469 855 2550 Trinitas,
871 2475 909 2536 ut
925 2469 1128 2555 principalis,
1145 2473 1180 2534 et
1194 2485 1275 2534 oum

251 2577 320 2626 uno
343 2560 479 2627 nomine
500 2559 673 2628 meatim.

229 2645 301 2717 Art.
322 2649 355 2716 6.
378 2651 428 2720 Au
450 2653 486 2720 iu
507 2653 631 2718 uuuiru
655 2649 772 2718 Gtristi
802 2651 900 2734 possit
923 2649 994 2718 iuri
1021 2649 1197 2736 baptismus.
1237 2648 1275 2732 it·

250 2738 331 2819 Non,
354 2741 431 2826 quia
454 2745 570 2808 eontra
592 2740 748 2818 formam,
780 2759 842 2807 neo
874 2741 997 2808 suffieit
1025 2743 1136 2809 dicere
1164 2756 1273 2805 unam

250 2847 425 2911 personam
445 2831 518 2898 sine
540 2829 630 2912 aliis;
647 2831 704 2896 sed
720 2830 878 2913 Apostolis
892 2829 1038 2898 Christus
1052 2828 1273 2915 dispensavit,

249 2923 288 2984 ut
308 2919 345 2986 in
368 2921 505 2988 nomine
527 2919 647 2988 Christi
670 2920 886 3004 baptizarent.

227 3005 296 3077 Art.
320 3007 350 3077 7.
375 3009 424 3080 Au
446 3013 598 3080 immersio
621 3013 657 3077 iu
679 3029 758 3094 opuu
779 3012 824 3077 ru
843 3009 879 3077 dr
912 3014 1087 3079 urrrssitote
1115 3007 1276 3093 baptismi.

251 3100 288 3183 it.
311 3096 393 3180 Non,
414 3103 473 3169 sed
496 3106 601 3186 potest
624 3101 696 3166 fieri
720 3117 780 3183 per
802 3102 1035 3184 aspersionem,
1058 3102 1111 3167 vel
1136 3098 1272 3165 allusio-

250 3207 343 3271 nem3
368 3192 445 3275 quia
468 3197 516 3258 ast
538 3192 682 3268 abluere,
705 3189 783 3255 lieet
804 3191 922 3258 modus
944 3193 987 3257 sit
1009 3193 1173 3258 diversus.
1190 3187 1275 3254 ltem

246 3279 324 3344 satis
346 3286 394 3346 est
417 3283 506 3367 quod
521 3280 630 3366 aliqua
645 3297 720 3362 pars
734 3281 882 3363 eorporis
897 3280 1061 3361 abluatur,
1078 3277 1270 3365 praesertim

248 3374 357 3452 eaput,
381 3371 417 3439 in
441 3392 507 3457 quo
529 3369 644 3454 vigent
665 3387 778 3434 omnes
800 3389 926 3437 sensus.

227 3456 295 3525 Art.
319 3460 351 3527 8.
375 3461 423 3529 Au
448 3465 532 3529 triuo
554 3461 707 3526 immersio
729 3460 775 3526 sit
794 3459 828 3526 de
852 3462 1029 3528 necessitate
1056 3459 1211 3544 baptismi.
1239 3457 1274 3542 ri.

250 3547 333 3702 Noni
356 3551 433 3636 quia
455 3555 534 3620 sunt
556 3549 639 3616 ritus
672 3547 895 3619 diversimode
927 3549 1044 3618 variati
1084 3552 1129 3617 ob
1163 3565 1275 3614 musas

256 3656 313 3704 mu
327 3642 385 3705 tas.
