2652 4198
444 115 519 168 mvl
543 115 693 170 THOMAE.

414 361 592 452 numum
616 363 716 439 mu.

210 549 304 616 De
330 543 550 614 ordine
573 523 922 618 creationis

278 637 355 705 ad
378 637 856 706 distinctionem.
883 689 889 694 -

45 815 106 884 iri.
131 817 163 886 i.
188 818 239 886 Αιι
264 820 441 902 informitas
462 820 597 885 motoria
622 821 750 904 temporo
770 822 960 903 procurrerit
977 823 1090 905 formo·

66 909 174 973 tiooom
200 911 308 992 ι’ριιιιι.
333 911 369 993 ιι.
391 909 478 986 Non,
509 909 543 974 id
574 912 638 988 est,
674 929 741 975 uon
776 908 840 974 init
874 914 984 976 creata
1016 911 1089 977 sine

55 997 183 1077 -iorma,
219 999 280 1064 sed
314 997 479 1082 praecessit
509 1002 643 1076 natura,
679 999 732 1064 vei
768 997 912 1082 origine,
936 1000 1014 1084 quta
1034 999 1088 1068 iu·

62 1086 209 1153 iormitas
237 1092 288 1153 est
316 1087 464 1154 conditio
493 1087 656 1166 materiae,
687 1091 725 1154 ut
755 1089 903 1172 potentia
931 1089 1089 1172 praecedit

63 1180 181 1255 actum,
208 1182 243 1243 et
268 1197 342 1261 pars
368 1181 483 1243 totum.
507 1175 588 1244 item
612 1177 734 1243 creatio
758 1178 915 1254 ostentis
940 1178 973 1245 in
998 1184 1085 1258 actu,
1174 1235 1178 1242 .

63 1266 115 1331 sed
145 1266 339 1332 informitas
370 1265 533 1351 praecessit
560 1266 791 1331 formationem
823 1270 862 1332 ut
887 1266 968 1332 dicit
989 1287 1088 1335 orna·

63 1357 147 1435 tum,
179 1359 217 1421 et
244 1357 416 1435 decorem,
447 1359 484 1422 ut
506 1356 588 1421 coeic
612 1357 727 1422 deerat
749 1357 822 1435 iux;
852 1359 886 1420 et
915 1360 1003 1424 terra
1025 1360 1088 1427 sub

63 1445 151 1529 aquis
174 1446 323 1512 estsine
346 1444 482 1530 plantis,
505 1446 655 1510 aereine
678 1444 816 1511 iumine.
843 1445 905 1510 Sed
934 1446 996 1513 aiia
1018 1447 1089 1530 cpi·

65 1534 116 1600 nio
150 1539 265 1620 potest
291 1535 427 1601 defendi
454 1533 613 1614 dicendo,
643 1534 747 1600 Deus'
758 1533 911 1636 ordinate
940 1537 1089 1620 procedit

65 1623 102 1688 dc
123 1625 280 1708 potentia
302 1626 345 1690 ad
369 1629 489 1690 actum.

47 1711 106 1780 Art.
129 1715 161 1784 2.
189 1713 241 1782 Αιι
264 1717 400 1782 ommium
422 1714 627 1798 corporalium
648 1715 694 1780 sit
713 1731 777 1779 uma
799 1659 938 1782 maiorm.
959 1718 994 1800 ιι.
1010 1715 1089 1784 Cor·

66 1803 291 1887 ruptibiiium,
321 1810 354 1870 et
384 1803 687 1888 incorruptibilium
715 1821 783 1869 nou
809 1807 858 1868 est
880 1805 996 1870 eadem
1019 1825 1089 1871 ma-

66 1893 156 1974 teria,
190 1899 230 1960 ut
259 1894 333 1960 cmii
363 1914 431 1960 non
463 1896 586 1959 habent
610 1895 696 1959 hauc
726 1892 918 1970 materiam,
942 1913 1016 1978 qnae
1040 1897 1088 1960 est

64 1984 299 2068 corruptibilis,
325 2003 387 2050 nec
410 1983 515 2049 forma
535 1984 726 2049 absorberet
743 1982 885 2066 primam
902 1983 1087 2049 materiam.

65 2070 137 2139 item
162 2076 288 2141 coeium
319 2075 420 2139 habet
449 2072 621 2158 materiam
651 2073 692 2136 ad
724 2090 817 2136 suam
845 2071 985 2138 formam
1014 2076 1088 2140 tan·

65 2165 140 2245 mm,
164 2185 185 2230 a
212 2183 278 2248 quo
300 2163 481 2246 perficitur,
511 2181 573 2228 ucc
597 2165 749 2242 remanet
771 2160 917 2244 potentia
941 2163 984 2228 ad
1007 2179 1086 2244 eme,

7 2253 12 2282 ‘·
63 2255 114 2318 sed
136 2256 182 2320 ad
208 2252 278 2318 ubi.
302 2251 532 2336 corruptione,
544 2255 589 2321 et
608 2250 862 2332 incorruptibile
876 2251 1087 2320 conveniunt

66 2341 93 2407 in
116 2363 188 2410 uno
213 2361 346 2426 genere,
371 2362 439 2407 non
466 2341 609 2425 physico,
625 2342 683 2405 sed
699 2339 813 2424 logico,
832 2343 967 2425 propter
985 2359 1087 2408 unam

66 2433 224 2500 rationem
252 2431 493 2514 corporeitatis.

49 2519 104 2589 iri.
127 2523 158 2589 3.
184 2520 237 2589 Αιι
261 2523 366 2588 ouium
390 2522 572 2604 Emporocm
593 2525 638 2587 sit
658 2526 851 2586 concreatum
878 2523 1050 2586 mutarim
1038 2542 1084 2586 ιι

64 2613 159 2690 (ormi.
190 2615 225 2696 ιι.
250 2611 313 2688 Sic,
336 2613 393 2676 sed
416 2613 567 2676 doctores
589 2612 749 2677 disserunt
772 2613 815 2676 de
837 2612 901 2676 (iic.

68 2703 74 2722 '
96 2701 222 2768 Goeium
250 2702 448 2784 Em'pyreum
473 2720 540 2765 uon
565 2702 671 2765 estad
691 2703 830 2778 motum,
846 2702 903 2765 sed
919 2701 962 2765 ad
977 2702 1086 2766 iocum

7 2849 12 2877 ‚
68 2793 247 2870 beatorum,
273 2791 325 2856 vei
349 2791 391 2856 ud
414 2790 622 2856 inlinendum
646 2789 681 2854 in
707 2789 875 2855 interiora.

49 2879 106 2947 Art.
127 2880 160 2949 i.
184 2881 236 2949 Au
264 2889 376 2964 romum
398 2882 442 2944 rii
454 2887 647 2946 concreatum
661 2881 798 2946 motoria
814 2882 952 2965 informi.
971 2883 1006 2965 ιι.
1023 2879 1086 2961 Sic,

66 2973 115 3036 sed
139 2971 301 3055 praeeedit
325 2972 456 3051 natura,
481 2990 553 3036 non.
573 2970 759 3036 duratione.
