2614 4190
417 124 495 180 nrm
519 122 668 178 uncum.
953 109 1019 180 lli

400 365 580 456 ounsno
603 367 678 439 mv.

217 555 309 622 De
333 553 626 634 qualitate
650 551 887 619 Christi

343 642 741 741 resurgentis.

14 825 81 896 Art.
108 825 145 892 i.
167 821 219 891 Ao
246 821 387 891 Christos
412 826 481 906 post
507 823 758 888 resurrectionem
791 818 932 888 intonit
961 839 1066 889 oerum

14 1003 15 1006 Ἴ
34 935 164 1000 eorpus.
192 911 316 1070 ltdSic,
340 910 417 998 quia
433 911 468 978 id
479 910 603 978 dicitur
619 914 791 998 resurgere
807 930 849 978 ex
863 910 1064 980 Damascene

36 1007 133 1090 quod
159 1003 229 1070 ceci
255 1003 292 1068 it.

42 1093 226 1163 'intravit
248 1111 366 1176 corpus
390 1089 509 1158 Christi
532 1091 640 1158 ianuis
662 1091 780 1158 eleusis
803 1110 873 1156 non
896 1111 938 1157 ex
967 1091 1065 1160 mira·

36 1186 126 1266 culo,
152 1202 264 1267 neque
286 1203 327 1247 ex
351 1186 471 1250 natura
493 1181 651 1265 eorporis,
666 1181 724 1248 sed
740 1201 781 1247 cx
797 1181 923 1247 virtute
939 1181 1065 1248 divina.

37 1275 121 1342 item
145 1273 302 1340 subditur
320 1270 455 1356 ‚spiritui
478 1271 514 1338 in
538 1270 630 1337 euius
654 1273 813 1355 potestate
836 1276 885 1337 est
906 1273 996 1356 quod
1009 1291 1066 1356 ap·

40 1369 168 1448 pareat,
194 1364 247 1428 vel
271 1382 340 1428 non
363 1365 540 1446 apparent;
564 1366 656 1445 agat,
681 1361 734 1427 vel
759 1381 826 1427 non
863 1365 948 1446 agat.
985 1360 1066 1427 ltem

40 1456 73 1521 in
98 1453 314 1521 lineamentis
337 1471 405 1519 non
430 1455 479 1518 est
502 1455 689 1531 mutatum,
718 1451 796 1536 quia
830 1453 921 1518 nulla
955 1450 990 1518 in
1027 1470 1066 1517 eo

40 1548 110 1612 crat
134 1541 340 1624 deformitas,
363 1542 421 1608 sed
444 1541 550 1608 solum
579 1540 705 1624 accepit
731 1540 935 1607 claritatem:
966 1545 999 1606 et
1028 1541 1066 1610 in

41 1635 108 1702 eius
127 1634 292 1720 potestate
306 1635 386 1712 erat,
407 1633 444 1698 ut
460 1631 629 1699 videretur
644 1632 707 1696 sub
722 1632 795 1709 hac,
807 1632 860 1695 vel
877 1631 931 1696 illa
947 1631 1064 1698 forma.

25 1723 84 1794 Art.
107 1725 143 1795 2.
167 1721 220 1792 Ao
246 1723 362 1791 Christi
383 1741 491 1807 corpus
512 1723 719 1789 reremaneret
741 1723 904 1804 inteprom.
930 1722 965 1806 nl.
989 1721 1063 1806 Sic,

43 1835 117 1884 oum
142 1834 258 1894 carne,
293 1813 439 1893 ossibus,
473 1811 698 1898 sanguine,e
731 1809 957 1895 integraliter,
988 1811 1067 1897 quia

43 1906 162 1973 habuit
187 1909 341 1972 naturam
364 1904 538 1986 integram.

44 1991 126 2067 *lbi
151 1997 255 2062 erunt
277 1994 333 2060 alii
355 1994 522 2073 humores,
543 1993 601 2058 sed
624 1991 766 2075 purgati,
789 1990 860 2056 sine
883 1989 977 2078 labe,
1004 1989 1062 2075 qui

44 2104 109 2152 non
135 2087 276 2152 causant
291 2083 549 2166 corruptionem.
569 2081 650 2147 ltem
666 2085 754 2146 totus
772 2079 915 2164 sanguis,
930 2083 964 2146 et
981 2079 1065 2148 aliae

46 2175 226 2258 particulae
248 2174 452 2258 pertinentes
474 2173 517 2238 ad
541 2171 715 2237 veritatem
746 2175 885 2238 naturae
914 2190 1067 2237 surrexe·

46 2270 146 2346 runt;
173 2269 206 2330 et
229 2262 372 2349 sanguis,
395 2262 453 2348 qui
476 2261 662 2329 ostenditur
686 2260 721 2326 in
746 2261 943 2347 quibusdam
959 2261 1068 2328 Eccle-

47 2356 98 2421 siis
120 2353 189 2421 fuit
212 2354 426 2420 miraculosus
449 2372 490 2418 ex
513 2352 668 2436 imagine.

31 2441 89 2514 Art.
113 2445 146 2512 3.
172 2443 224 2510 dn
246 2462 354 2528 corpor
380 2443 497 2510 Ciristi
523 2443 697 2509 sorreoerit
725 2441 902 2528 ptootosom.
928 2442 963 2526 rt.
998 2441 1067 2521 Sic,

50 2534 133 2620 quia,
159 2533 222 2600 luit
246 2535 435 2617 exemplar,
459 2537 492 2599 ct
515 2550 611 2599 causa
634 2535 767 2598 nostrae
800 2531 1068 2598 resurrectionis:

49 2624 158 2692 anima
181 2625 224 2691 ab
247 2623 385 2690 instanti
408 2622 470 2689 luit
494 2625 598 2700 beata,
623 2626 657 2687 ct
679 2620 901 2704 dispensative
926 2641 994 2688 non
1015 2641 1069 2688 re·

51 2713 213 2781 dundavit
236 2713 272 2779 in
297 2732 428 2798 corpus,
452 2712 515 2779 nisi
538 2714 610 2796 post
633 2711 831 2797 passionem.

52 2801 62 2827 '
82 2803 219 2871 Claritas
242 2805 290 2870 est
313 2807 352 2869 ut
375 2801 486 2868 radius
510 2802 545 2867 in
569 2800 679 2881 vitro,
704 2803 737 2866 et
766 2801 901 2868 videtur
935 2802 1068 2886 quando

54 2894 162 2960 anima
181 2893 264 2960 vult.
289 2892 371 2959 ltcm
393 2911 512 2977 eorpus
535 2891 688 2957 redditur
699 2888 952 2975 incorruptibile
966 2912 985 2957 a
1001 2891 1070 2978 glo·

56 2983 110 3051 ria.
133 2982 347 3050 Manducavit
370 3001 439 3049 non
463 2983 541 3068 quia
562 2983 694 3067 egeret,
722 2981 781 3048 sed
809 2984 848 3048 ut
882 2983 1070 3048 ostenderet

55 3073 340 3140 resurrectionem.
398 3087 400 3094 ·

41 3158 154 3231 Arci.
178 3161 228 3232 Ao
251 3160 500 3246 ccreoscereos·
527 3161 663 3230 debuerit
694 3181 762 3230 com
795 3161 989 3230 cicatricibus
1022 3181 1068 3229 re·

55 3269 183 3336 corpere.
210 3255 245 3338 ri.
268 3251 342 3333 Sic,
366 3253 401 3320 in
425 3253 557 3337 signum
588 3255 787 3337 perpetuum
817 3253 991 3332 victoriae;
1026 3252 1070 3318 ad

57 3339 151 3410 iidem
173 3341 410 3426 discipulorum
434 3343 718 3423 confirmandam
743 3346 776 3409 et
810 3347 848 3408 ut
881 3341 1070 3408 ostenderet

14 3511 15 3516 Ἰ
57 3425 149 3536 Pani,
174 3431 270 3500 nobis
292 3431 328 3500 in
352 3431 485 3502 iudicio.
509 3432 590 3500 ltem
611 3436 690 3503 sunt
705 3435 816 3516 decus,
832 3436 866 3500 et
883 3431 1070 3518 gloriacor·

14 3551 15 3584 3
60 3535 150 3602 ports.
