2636 4202
161 75 165 86 ⁵
291 111 333 186 n
623 125 669 183 nx
692 123 806 190 anina
830 123 949 182 ranan

247 251 314 320 Art.
338 250 371 320 6.
389 251 436 318 Aa
460 251 561 318 Filius
582 253 626 318 ait
652 252 776 335 coactis
804 251 895 318 Paua·
921 247 1082 320 suendum
1107 204 1304 330 photio-ann.

270 341 306 424 ri.
329 339 391 422 Sic,
414 342 492 427 quia
515 341 630 408 cadem
653 341 792 408 essentia
814 362 832 406 a
856 340 952 408 Patre
975 337 1265 406 communicetur.

611 519 790 604 QUAEsttu
817 519 918 588 XLiii.

374 702 467 772 De
490 704 785 770 missione
809 701 1178 789 ‚divinar-um·

546 797 990 862 Personat-um.

246 962 313 1038 Art.
339 970 369 1040 i.
391 971 441 1038 An
463 970 558 1038 alicui
578 991 712 1057 peraoac
733 972 897 1040 coaacaiot
914 970 1010 1038 mitti.
1034 968 1070 1052 rt.
1094 964 1164 1046 Sic,
1189 967 1303 1049 prout

269 1061 380 1130 missio
413 1061 571 1147 importat
599 1061 829 1130 habitudinem
860 1057 1074 1146 processionis
1102 1055 1301 1127 secundum

270 1151 448 1236 originem,
479 1151 531 1217 vel
558 1155 596 1218 ut
622 1152 739 1236 incipit
763 1171 851 1218 novo
873 1151 972 1219 modo
995 1146 1125 1222 mendi
1146 1143 1185 1212 in
1211 1146 1302 1224 aiio,

269 1244 302 1306 et
325 1241 372 1308 sic
394 1240 493 1308 Filius
515 1245 563 1306 est
586 1242 743 1323 missusa
766 1241 876 1320 Patre,
903 1244 1056 1308 ntnovo
1083 1236 1183 1304 modo
1208 1239 1302 1302 esset

269 1329 306 1396 in
331 1331 457 1397 mundo
480 1349 539 1417 per
561 1333 817 1415 assumptionem
841 1330 960 1399 minis.

270 1420 281 1445 ⁸
305 1418 342 1486 in
365 1419 489 1488 divinis
512 1421 621 1488 missio
645 1441 703 1505 per
726 1421 888 1507 originem
911 1423 960 1486 est
981 1418 1166 1486 secundum
1182 1435 1299 1500 aequa·

269 1507 406 1589 litatem,
429 1514 463 1578 et
485 1527 554 1578 non
578 1510 813 1591 minoritatem,
837 1511 915 1597 quia
939 1529 1006 1577 non
1023 1526 1083 1592 per
1097 1505 1300 1590 imperium,

270 1604 329 1665 aut
357 1599 545 1670 consilium.
573 1598 654 1666 item
685 1603 795 1670 missio
825 1600 861 1668 in
883 1599 1008 1668 divinis
1028 1596 1174 1664 estsine
1195 1615 1299 1679 sepa·

272 1688 401 1756 ratione
434 1710 453 1757 a
487 1691 655 1769 mittente,
690 1692 767 1778 qnia
795 1710 862 1758 non
889 1690 1007 1774 incipit
1029 1707 1112 1766 esse,
1136 1685 1197 1752 ubi
1223 1705 1298 1752 non

272 1783 359 1859 erat,
395 1799 457 1848 nec
489 1779 607 1846 definit
632 1799 702 1847 esse
725 1781 783 1850 ubi
805 1784 891 1859 erat,
913 1782 972 1846 sed
995 1780 1094 1846 habet
1109 1774 1222 1846 ,solam
1247 1773 1297 1842 di·

271 1867 483 1937 stinctionem
506 1871 653 1956 originis,
677 1890 740 1938 nec
761 1891 821 1955 per
843 1873 970 1938 motum
992 1869 1138 1936 iocaicm.

246 1948 316 2026 Art.
347 1959 379 2026 2.
411 1959 460 2030 Aa
489 1963 593 2028 missio
627 1963 680 2028 att·
702 1969 833 2042 noerac,
868 1961 916 2028 cri
951 1957 1123 2043 temporatia
1159 1961 1296 2022 tuntum.

272 2050 307 2130 ri.
331 2047 522 2129 Generatio,
552 2056 586 2114 et
607 2051 743 2133 spiratio
765 2055 843 2118 sunt
866 2052 1072 2127 aeonion
1095 2045 1155 2114 sed
1181 2045 1297 2112 missio

268 2142 302 2202 ct
325 2136 414 2204 datio
435 2138 617 2206 individia
638 2139 799 2207 dicuntur
822 2139 1062 2223 temporaliter,
1086 2135 1165 2220 quia
1190 2133 1310 2218 sig-ni·¹

268 2226 370 2294 dcent
398 2245 572 2310 personam
602 2228 751 2298 divinam
783 2231 896 2296 haberi
920 2231 963 2296 ab
985 2227 1095 2313 aliqua
1117 2229 1296 2300 creatura,

268 2316 321 2380 vei
356 2335 443 2384 novo
477 2319 575 2386 modo
607 2338 676 2386 esse
707 2319 741 2386 in
772 2339 827 2398 ea,
851 2319 952 2386 etsie
977 2318 1075 2384 Filius
1097 2315 1140 2380 ab
1162 2319 1297 2394 esterno

268 2406 424 2490 processit
446 2412 484 2474 ut
507 2408 549 2474 sit
572 2395 670 2487 Deus‘,
695 2409 929 2496 temporaliter,
952 2411 990 2475 ut
1005 2408 1047 2474 sit
1068 2407 1178 2473 homo.
1208 2402 1295 2468 ltem

228 2513 231 2518 ’
268 2496 378 2564 missio
401 2498 542 2566 includit
564 2498 806 2582 processionem
835 2502 994 2565 aeternam
1016 2497 1075 2563 scd
1097 2492 1191 2562 addit
1216 2493 1295 2557 otie-

270 2589 362 2653 ctum
385 2590 609 2671 temporalem,
632 2590 706 2656 ideo
729 2589 851 2656 dieitur
873 2587 1108 2672 temporaliter.

244 2658 313 2744 Art.
337 2676 370 2746 3.
392 2677 443 2746 Αιι
469 2680 571 2746 ariscio
601 2677 767 2748 invisibilis
801 2678 913 2746 divion
947 2696 1083 2761 poscam
1116 2675 1161 2740 ait
1193 2675 1295 2740 sotum

266 2766 426 2837 secundum
448 2768 559 2836 docum
580 2777 703 2852 protum
725 2771 850 2852 socians.
875 2769 910 2852 it.
934 2768 997 2844 Sic,
1020 2769 1055 2833 id
1071 2767 1130 2843 est,
1146 2762 1294 2845 Spiritus

265 2853 386 2926 Sancti.
411 2859 492 2926 item
515 2863 564 2925 est
587 2878 645 2942 per
667 2860 853 2937 essentiam,
878 2857 1069 2941 potentiam,
1092 2857 1126 2920 et
1143 2868 1294 2936 praesen·

266 2944 345 3012 tiam
370 2947 405 3016 in
428 2949 583 3016 omnibus
606 2950 720 3028 rebus;
747 2950 805 3014 scd
829 2949 864 3013 in
889 2947 1024 3014 homine
1045 2949 1094 3011 est
1116 2948 1154 3010 ut
1174 2942 1294 3029 cogni·

267 3038 337 3104 tum
360 3038 396 3104 in
420 3041 646 3124 cogitoscente,
672 3042 705 3104 et
728 3040 875 3104 amatum
899 3037 934 3104 in
958 3039 1108 3114 amente,
1131 3035 1226 3118 quod
1249 3032 1292 3098 sit

264 3128 506 3212 pergratiam,
529 3133 563 3198 et
584 3129 631 3196 sic
654 3127 739 3194 Deus
764 3127 798 3192 in
822 3146 861 3193 eo
885 3126 1064 3203 inhabitat,
1085 3128 1126 3190 ut
1149 3123 1184 3190 in
1213 3127 1292 3188 tem·

265 3215 318 3296 pio
341 3235 411 3285 suo.
436 3220 515 3288 item
538 3219 643 3304 gratia
667 3237 735 3286 non
761 3221 809 3282 est
832 3235 947 3296 musa,
970 3218 1028 3284 sed
1051 3212 1224 3298 dispositio
1249 3210 1290 3276 ad

264 3301 370 3372 Deum
399 3309 600 3376 habendum.
629 3305 710 3374 item
741 3306 841 3374 Filius
869 3307 946 3373 iicet
968 3326 1027 3390 per
1050 3305 1132 3372 aiios
1153 3303 1290 3370 effectus

265 3396 366 3478 possit
395 3397 564 3482 cognosci,
596 3400 708 3464 tameo
739 3415 807 3463 non
840 3416 900 3464 nos
922 3395 1109 3474 inhahitat,
1140 3392 1205 3459 nisi
1231 3408 1289 3478 per

265 3486 404 3568 gratiam
427 3491 558 3569 gratum
581 3486 766 3554 facientem.
792 3485 873 3554 item
896 3486 999 3571 pratia
1023 3485 1124 3570 gratis
1142 3484 1221 3550 data
1237 3482 1286 3548 cst

250 3574 397 3658 xsignum
419 3577 534 3662 gratias
557 3581 688 3661 gratum
712 3575 871 3655 facientis,
894 3575 978 3642 etsi
1000 3577 1136 3642 daretur
1160 3573 1225 3638 taio
1245 3572 1287 3638 si·

265 3681 369 3746 gnum
396 3667 521 3747 sotum,
553 3687 625 3734 non
659 3667 797 3743 daretur
826 3664 1018 3749 simpliciter
1042 3662 1184 3748 Spiritus
1205 3661 1287 3730 Sen-

264 3754 345 3838 ctus,
367 3755 426 3823 sed
440 3774 517 3823 cum
533 3756 819 3838 determinatione,
842 3757 880 3823 ut
901 3753 1036 3839 spiritus
1059 3751 1282 3839 propheticus·
