2632 4212
280 139 345 206 {66
565 157 610 206 nx
635 145 749 207 raino
773 155 940 208 saconon

168 351 170 354 .
233 290 303 358 Art.
329 292 359 359 i.
383 291 435 358 An
461 295 563 359 omnio
589 269 709 377 peccato
739 296 894 362 tonicam
922 296 990 360 sint
1015 313 1054 362 ea
1085 297 1306 378 concoctione

144 375 153 394 '
255 382 377 449 dioboli.
408 383 443 466 rt.
472 381 740 464 occasionaliter,
769 389 803 450 et
832 383 995 452 indirecte
1023 384 1130 449 sicin
1157 383 1303 463 Adam,

254 473 312 538 sad
336 491 404 538 non
429 472 464 540 in
488 474 593 540 nobis.

588 654 767 740 oonsno
790 654 920 722 ιιιιιιιι.

312 833 407 901 De
433 853 618 906 eausa
642 839 885 920 peceati
910 852 987 902 ex
1009 798 1195 918 parte

611 931 894 996 hominis.

230 1103 299 1172 Art.
329 1105 357 1172 t.
384 1106 434 1175 Aa
461 1110 595 1193 primum
613 1115 777 1193 ⁴peccatam
802 1099 908 1192 primi
926 1109 1065 1191 percotis
1097 1083 1298 1176 traducatur

251 1214 308 1278 per
331 1200 482 1282 oricioem
505 1203 540 1264 ic
560 1207 705 1281 posteros.
736 1202 770 1282 ri.
795 1197 866 1279 Sic,
896 1201 943 1264 est
973 1198 1112 1274 deiide,
1137 1217 1217 1262 non
1247 1219 1294 1264 ex

251 1286 402 1366 traduce,
439 1288 473 1353 id
509 1292 573 1366 est,
608 1309 650 1354 ex
679 1288 804 1356 semine
835 1289 956 1355 infecto
988 1307 1029 1352 ex
1054 1304 1121 1370 qno
1143 1286 1294 1354 oriatur

252 1372 372 1462 anima,
396 1395 505 1462 neque
528 1398 568 1443 ex
592 1397 630 1444 eo
653 1380 743 1462 quod
766 1377 912 1444 deiectus
935 1375 1069 1443 seminis
1084 1375 1294 1444 traducan-

253 1462 366 1550 turin
391 1468 534 1548 prolem,
561 1470 620 1538 sed
642 1473 691 1535 est
713 1468 915 1535 inordinatio
938 1465 1129 1533 voluntaria
1152 1465 1295 1532 volun·

251 1555 317 1616 tate
340 1551 440 1619 Adam
471 1558 635 1623 moventis
671 1577 730 1641 per
765 1558 1011 1642 generationem
1047 1573 1181 1633 omnes,
1224 1557 1294 1642 qui

249 1644 328 1705 sunt
352 1645 455 1710 veluti
479 1649 628 1713 membra
653 1651 738 1731 ejus;
761 1647 846 1713 sicut
861 1647 1016 1712 voluntas
1031 1645 1142 1711 movet
1160 1647 1294 1713 omnia

250 1734 409 1800 membra.
1097 1799 1099 1806 ,

226 1818 293 1886 Art.
319 1821 349 1889 2.
373 1822 422 1892 Αιι
445 1828 509 1894 clio
529 1836 651 1913 peccota
673 1828 778 1909 Adam,
802 1835 833 1895 et
852 1831 900 1896 oet
921 1828 1131 1914 proximorum
1157 1845 1291 1910 pareo·

250 1917 313 1977 tom
346 1915 546 1984 traducantur
577 1923 611 1986 io
639 1928 783 2003 posteros.
819 1921 855 2004 ri.
884 1921 973 1997 Non,
998 1918 1076 2002 quia
1099 1917 1292 2000 pertinent

247 2003 290 2066 ad
314 2002 543 2086 individuum,
568 2013 600 2074 et
624 2029 691 2075 non
716 2011 758 2076 ad
781 2008 933 2091 speciem,
961 2026 1019 2075 seu
1043 2009 1215 2084 naturam,
1248 2015 1291 2074 ut

248 2097 419 2170 peecatum
448 2098 623 2180 originale,
659 2099 694 2163 in
730 2118 795 2182 qua
825 2099 953 2183 origine
976 2095 1291 2164 communicarunt

246 2179 322 2258 tilii3
345 2181 420 2247 ideo
444 2185 642 2266 puniuntur.

224 2264 291 2333 Art.
317 2269 594 2356 anennoeton
616 2279 712 2360 primi
733 2281 873 2362 porentia
898 2285 1101 2360 transactor
1117 2277 1289 2359 ericinam

154 2370 157 2376 ·
245 2360 281 2423 in
312 2377 412 2427 omnes
440 2366 585 2462 tornines.
614 2369 649 2452 ri.
673 2367 742 2447 Sic,
766 2374 814 2435 est
838 2371 879 2436 de
903 2371 978 2447 fide,
997 2371 1213 2458 *nontamen
1245 2371 1286 2437 in

142 2509 146 2515 .
245 2445 383 2515 Christo.
444 2499 448 2504 .

246 2536 485 2608 *Prohahiiius
515 2548 675 2630 estquod
706 2547 891 2631 injudicio
921 2567 1035 2614 omnes
1063 2545 1284 2629 morientur,

244 2624 330 2692 Deus
353 2631 479 2697 auferet
502 2636 544 2699 ab
567 2637 613 2700 eis
637 2657 769 2719 poenam
788 2638 932 2706 debitam
951 2658 1011 2722 pro
1028 2640 1121 2703 reatu
1138 2641 1283 2704 mortis.

222 2713 292 2782 Art.
317 2716 347 2784 i.
371 2719 427 2786 An·
452 2724 480 2786 ai
507 2723 620 2806 ationis
650 2745 688 2791 ec
715 2729 847 2794 tamena
876 2748 967 2808 corne
995 2727 1177 2794 attractione
1207 2730 1283 2810 sor·-

245 2815 397 2889 mcretor,
425 2816 619 2881 contraheret
642 2825 796 2899 peccatam
826 2820 988 2903 oriqiaate.
1017 2819 1051 2900 ri.
1075 2816 1164 2894 Non,
1191 2819 1282 2900 quia

244 2911 313 2960 non
338 2897 372 2961 in
398 2899 498 2966 Adam
523 2922 582 2985 per
604 2925 728 2972 semen.

222 2981 292 3050 Art.
316 2985 347 3052 5.
370 2986 420 3053 Aa
442 2994 471 3054 si
493 2990 587 3060 Adam
611 3016 673 3061 aon
694 3006 857 3079 peccasset,
883 2998 934 3064 aed
955 2998 1035 3080 Eoo,
1060 2999 1124 3079 fito·
1145 3003 1283 3065 contro·

244 3071 352 3176 terent
369 3087 521 3159 peccatam
546 3087 708 3166 oriqioole.
741 3089 774 3170 ri,
799 3087 885 3168 Non,
910 3089 987 3172 quia
1012 3087 1077 3152 Eva
1101 3089 1150 3152 est
1175 3087 1282 3168 prin·

244 3164 367 3245 orpium
392 3169 555 3248 passivum
582 3175 813 3256 generationis.
