2622 4210
413 109 489 166 ruvo
512 108 679 166 uacum
740 145 742 152 -
945 91 1012 166 tto

395 339 573 428 oopsuo
605 339 676 410 ovo.

55 521 148 590 De
174 525 531 604 praeceptis
559 521 1013 604 pertinentibus

282 611 357 679 ad
383 612 793 693 prudentiam.

17 785 77 856 dot.
103 788 137 859 i.
161 787 215 857 Ao
243 786 278 857 de
304 790 469 873 prudentio
501 789 879 876 prostrastratum
909 798 1059 876 prosopa

37 883 69 944 io
90 879 259 963 Dccotopo.
290 882 326 966 ri.
356 881 442 960 Nou,
457 943 458 946 ,
471 881 549 967 quia
574 883 687 948 omnia
715 887 879 966 precepta
907 881 1069 966 Decclogi

37 970 211 1050 pertinent
232 971 276 1036 ad
299 989 386 1050 cam,
417 973 454 1036 ut
483 976 532 1036 est
558 971 718 1039 directiva
746 975 881 1038 actuum
906 973 1058 1038 omnium

38 1059 215 1126 virtutum.

37 1148 243 1232 *Praecepta
272 1150 374 1234 magis
402 1150 593 1218 debuerunt
620 1151 788 1234 pertinere
817 1151 860 1218 ad
878 1149 1057 1235 justitiam,

37 1257 107 1320 quae
140 1237 358 1324 principalius
387 1240 520 1323 respicit
549 1240 711 1306 rationem
738 1239 858 1317 debiti,
887 1241 978 1324 quod
1007 1258 1059 1306 re·

38 1329 184 1409 quiritur
211 1327 255 1395 ad
284 1332 505 1412 praeceptum,
531 1329 607 1396 licet
629 1329 808 1413 prudentio
828 1328 872 1395 sit
895 1329 1059 1412 principa·

38 1416 96 1482 lior
119 1418 232 1484 virtus
255 1417 343 1484 iuter
365 1420 514 1488 morales.
538 1419 619 1485 ltcm
643 1421 678 1486 in
695 1419 847 1486 doctrina
863 1418 1058 1502 Evangelica

39 1508 209 1589 opportuit
240 1508 312 1573 dari
345 1513 508 1590 precepta
534 1511 578 1576 de
607 1507 799 1590 prudentia,
826 1507 905 1593 quia
927 1513 977 1574 est
999 1509 1059 1574 do·

40 1597 146 1662 ctrina
169 1597 381 1679 perfectionis
403 1599 547 1679 periente
570 1598 942 1668 instruenshominem.
1020 1635 1022 1642 κ

23 1682 80 1752 Art.
103 1686 138 1752 2.
160 1684 212 1751 Au
235 1688 271 1752 io
291 1689 387 1754 actori
411 1687 473 1770 iope
495 1690 708 1756 cooocoicotcr
729 1689 848 1770 fuerim
862 1689 1061 1770 positopru»,

40 1784 121 1857 cepto
141 1775 331 1858 prohibitiva
357 1776 393 1842 dc
418 1779 505 1843 uitiis
532 1779 677 1861 oppositis
702 1776 884 1860 prudentior.
920 1779 968 1860 ri,
989 1775 1058 1854 Sic,

39 1871 74 1928 ut
94 1867 140 1931 de
163 1864 294 1944 astutia,
316 1883 390 1949 quae
414 1866 449 1932 in
472 1867 667 1934 executione
688 1885 765 1932 cum
788 1866 875 1942 dolo,
891 1873 924 1930 ct
938 1866 1057 1932 fraude

40 1953 112 2020 tacit
136 1955 427 2030 contradebitum
448 1956 596 2039 justitiae,
624 1955 711 2022 circa
741 1971 840 2039 quam
867 1959 946 2023 sunt
972 1972 1060 2037 prae·

40 2049 145 2127 cepta.

41 2133 143 2200 *Alia
165 2132 249 2199 vitia
278 2152 347 2200 non
378 2139 594 2218 opponuntur
623 2134 747 2202 directe
776 2132 962 2217 prudentie
989 2151 1060 2200 ma·

41 2223 155 2293 uitesta
179 2223 428 2305 contrarietate,
452 2230 489 2293 ut
513 2224 753 2307 imprudentia,
780 2227 814 2290 et
836 2225 906 2306 ojus
930 2227 1058 2307 partas,

41 2312 111 2380 ideo
135 2333 204 2380 non
229 2313 399 2396 pertinent
421 2316 465 2381 ad
485 2314 665 2397 iustitiam,
690 2333 752 2380 nec
775 2313 996 2396 prohibentur
1021 2313 1057 2378 in

42 2401 118 2486 lege.
149 2403 232 2478 item
261 2402 445 2484 specialiter
471 2405 569 2472 datur
592 2407 794 2487 praeceptum
818 2401 1060 2484 prohibitivum

41 2491 78 2556 de
100 2493 219 2560 fraudo
241 2491 329 2557 circa
352 2492 588 2572 venditionem,
613 2497 646 2560 et
668 2492 879 2577 emptionem,
907 2489 986 2574 quia
1010 2490 1058 2556 ibi

43 2582 207 2668 praecipue
228 2583 311 2650 sciet
333 2583 490 2648 exerceri.

375 2760 589 2846 Quasoto
620 2761 703 2834 tvo.

406 2945 497 3020 De
517 2946 677 3026 jure.

30 3121 86 3190 ut.
108 3124 139 3189 i.
162 3121 213 3190 Ao
229 3125 284 3206 jos
306 3124 350 3190 cit
370 3121 515 3204 objectam
532 3124 674 3204 iustitio.
692 3122 728 3206 ri.
749 3119 818 3198 Sic,
838 3120 893 3204 jus
916 3119 1058 3200 dicitur,

47 3211 117 3296 quia
146 3221 196 3279 est
221 3217 364 3297 justum,
391 3218 424 3281 et
442 3215 570 3296 justum
590 3217 642 3278 eet
665 3213 830 3294 objectum
850 3210 1004 3294 justitiae,
1027 3214 1062 3299 et

49 3309 91 3368 cst
111 3303 276 3370 rectitudo
294 3301 441 3385 justitiae,
464 3305 506 3368 ad
529 3320 630 3387 quam
654 3299 853 3368 terminatur
870 3302 941 3384 ejus
963 3298 1060 3378 actio,

51 3397 79 3456 et
99 3398 146 3458 ost
169 3393 212 3458 ad
235 3393 388 3458 aiterum.

51 3480 166 3548 *Licet
185 3483 240 3565 jus
263 3480 441 3566 aliquando
466 3483 617 3548 sumatur
648 3499 709 3564 pro
739 3499 777 3545 re
799 3481 904 3565 justa,
936 3480 970 3542 et
1000 3494 1061 3559 pro

53 3577 126 3653 arte,
161 3592 228 3658 qua
255 3569 465 3656 cognoscitur
491 3570 573 3656 quid
598 3570 641 3636 sit
664 3572 809 3657 justum,
832 3573 865 3634 et
888 3586 949 3652 pro
971 3565 1061 3645 loco,

52 3661 102 3730 ubi
120 3664 175 3748 jus
198 3660 361 3746 redditur,
384 3665 418 3730 et
440 3667 502 3750 pro
524 3661 632 3732 officio
651 3659 783 3747 judicis.
807 3657 889 3728 item
911 3657 966 3728 lex
984 3673 1062 3745 pro·
