<?xml version="1.0" encoding="UTF-8"?>
<!DOCTYPE html PUBLIC "-//W3C//DTD XHTML 1.0 Transitional//EN"
    "http://www.w3.org/TR/xhtml1/DTD/xhtml1-transitional.dtd">
<html xmlns="http://www.w3.org/1999/xhtml" xml:lang="en" lang="en">
 <head>
  <title>
</title>
<meta http-equiv="Content-Type" content="text/html;charset=utf-8" />
  <meta name='ocr-system' content='tesseract 3.04.00' />
  <meta name='ocr-capabilities' content='ocr_page ocr_carea ocr_par ocr_line ocrx_word'/>
</head>
<body>
  <div class='ocr_page' id='page_1' title='image "./theologicsummco00thomgoog_0425.png"; bbox 0 0 2604 4210; ppageno 0'>
   <div class='ocr_carea' id='block_1_1' title="bbox 286 135 989 206">
    <p class='ocr_par' dir='ltr' id='par_1_1' title="bbox 286 135 989 206">
     <span class='ocr_line' id='line_1_1' title="bbox 286 135 989 206; baseline 0 -2"><span class='ocrx_word' id='word_1_1' title='bbox 286 135 357 204; x_wconf 76' lang='lat' dir='ltr'><strong>ort</strong></span> <span class='ocrx_word' id='word_1_2' title='bbox 549 153 596 204; x_wconf 82' lang='lat' dir='ltr'><strong>nx</strong></span> <span class='ocrx_word' id='word_1_3' title='bbox 620 151 787 206; x_wconf 76' lang='lat' dir='ltr'><strong>snoonrnn</strong></span> <span class='ocrx_word' id='word_1_4' title='bbox 810 153 989 205; x_wconf 70' lang='lat' dir='ltr'><strong>snouunn</strong></span> 
     </span>
    </p>
   </div>
   <div class='ocr_carea' id='block_1_2' title="bbox 236 286 1287 2598">
    <p class='ocr_par' dir='ltr' id='par_1_2' title="bbox 244 286 1287 824">
     <span class='ocr_line' id='line_1_2' title="bbox 244 286 1275 374; baseline 0.001 -17"><span class='ocrx_word' id='word_1_5' title='bbox 244 286 313 357; x_wconf 74' lang='lat' dir='ltr'><strong>&#39;Art</strong></span> <span class='ocrx_word' id='word_1_6' title='bbox 336 288 368 356; x_wconf 81' lang='lat' dir='ltr'><strong>l.</strong></span> <span class='ocrx_word' id='word_1_7' title='bbox 390 287 439 355; x_wconf 83' lang='lat' dir='ltr'><strong>Ao</strong></span> <span class='ocrx_word' id='word_1_8' title='bbox 463 287 584 370; x_wconf 71' lang='lat' dir='ltr'><strong>effectes</strong></span> <span class='ocrx_word' id='word_1_9' title='bbox 606 289 756 372; x_wconf 76' lang='lat' dir='ltr'><strong>sacrificii</strong></span> <span class='ocrx_word' id='word_1_10' title='bbox 779 289 897 357; x_wconf 79' lang='lat' dir='ltr'><strong>Christi</strong></span> <span class='ocrx_word' id='word_1_11' title='bbox 915 293 1188 374; x_wconf 76' lang='lat' dir='ltr'><strong>pertimeritm</strong></span> <span class='ocrx_word' id='word_1_12' title='bbox 1205 309 1237 358; x_wconf 80' lang='lat' dir='ltr'><strong>co</strong></span> <span class='ocrx_word' id='word_1_13' title='bbox 1264 322 1275 341; x_wconf 48' lang='grc' dir='ltr'>ν</span> 
     </span>
     <span class='ocr_line' id='line_1_3' title="bbox 268 377 1286 466; baseline 0 -20"><span class='ocrx_word' id='word_1_14' title='bbox 268 378 308 446; x_wconf 88' lang='lat' dir='ltr'><strong>od</strong></span> <span class='ocrx_word' id='word_1_15' title='bbox 329 380 422 458; x_wconf 79' lang='lat' dir='ltr'><strong>otios,</strong></span> <span class='ocrx_word' id='word_1_16' title='bbox 455 377 508 445; x_wconf 80' lang='lat' dir='ltr'><strong>red</strong></span> <span class='ocrx_word' id='word_1_17' title='bbox 527 380 620 444; x_wconf 81' lang='lat' dir='ltr'><strong>etiem</strong></span> <span class='ocrx_word' id='word_1_18' title='bbox 643 377 683 444; x_wconf 91' lang='lat' dir='ltr'><strong>od</strong></span> <span class='ocrx_word' id='word_1_19' title='bbox 703 399 734 444; x_wconf 84' lang='lat' dir='ltr'><strong>sc</strong></span> <span class='ocrx_word' id='word_1_20' title='bbox 757 381 866 463; x_wconf 78' lang='lat' dir='ltr'><strong>iprum.</strong></span> <span class='ocrx_word' id='word_1_21' title='bbox 891 381 926 465; x_wconf 73' lang='lat' dir='ltr'><strong>d.</strong></span> <span class='ocrx_word' id='word_1_22' title='bbox 950 380 1039 460; x_wconf 88' lang='lat' dir='ltr'><strong>Non,</strong></span> <span class='ocrx_word' id='word_1_23' title='bbox 1077 381 1160 466; x_wconf 86' lang='lat' dir='ltr'><strong>quia</strong></span> <span class='ocrx_word' id='word_1_24' title='bbox 1185 380 1258 447; x_wconf 94' lang='lat' dir='ltr'><strong>unit</strong></span> <span class='ocrx_word' id='word_1_25' title='bbox 1281 408 1286 417; x_wconf 66' lang='lat'><strong>.,</strong></span> 
     </span>
     <span class='ocr_line' id='line_1_4' title="bbox 268 468 1287 560; baseline 0.001 -26"><span class='ocrx_word' id='word_1_26' title='bbox 268 468 346 545; x_wconf 87' lang='lat' dir='ltr'><strong>Deo,</strong></span> <span class='ocrx_word' id='word_1_27' title='bbox 369 471 402 534; x_wconf 89' lang='lat' dir='ltr'><strong>et</strong></span> <span class='ocrx_word' id='word_1_28' title='bbox 425 485 493 535; x_wconf 91' lang='lat' dir='ltr'><strong>nou</strong></span> <span class='ocrx_word' id='word_1_29' title='bbox 519 468 660 533; x_wconf 87' lang='lat' dir='ltr'><strong>hahebat</strong></span> <span class='ocrx_word' id='word_1_30' title='bbox 684 473 865 552; x_wconf 78' lang='lat' dir='ltr'><strong>peccatum,</strong></span> <span class='ocrx_word' id='word_1_31' title='bbox 888 471 947 536; x_wconf 88' lang='lat' dir='ltr'><strong>sed</strong></span> <span class='ocrx_word' id='word_1_32' title='bbox 970 471 1005 536; x_wconf 90' lang='lat' dir='ltr'><strong>iu</strong></span> <span class='ocrx_word' id='word_1_33' title='bbox 1029 471 1262 537; x_wconf 71' lang='lat' dir='ltr'><strong>similitudine.</strong></span> <span class='ocrx_word' id='word_1_34' title='bbox 1286 549 1287 560; x_wconf 9' lang='grc' dir='ltr'>ἵ</span> 
     </span>
     <span class='ocr_line' id='line_1_5' title="bbox 267 556 1270 642; baseline 0 -18"><span class='ocrx_word' id='word_1_35' title='bbox 267 559 287 582; x_wconf 80' lang='grc'><strong>”·</strong></span> <span class='ocrx_word' id='word_1_36' title='bbox 302 556 448 624; x_wconf 87' lang='lat' dir='ltr'><strong>Christus</strong></span> <span class='ocrx_word' id='word_1_37' title='bbox 471 558 665 624; x_wconf 87' lang='lat' dir='ltr'><strong>consecutus</strong></span> <span class='ocrx_word' id='word_1_38' title='bbox 688 562 737 623; x_wconf 87' lang='lat' dir='ltr'><strong>est</strong></span> <span class='ocrx_word' id='word_1_39' title='bbox 759 559 914 642; x_wconf 78' lang='lat' dir='ltr'><strong>gloriam,</strong></span> <span class='ocrx_word' id='word_1_40' title='bbox 949 559 1209 626; x_wconf 85' lang='lat' dir='ltr'><strong>resurrectionis</strong></span> <span class='ocrx_word' id='word_1_41' title='bbox 1231 579 1270 626; x_wconf 92' lang='lat' dir='ltr'><strong>no</strong></span> 
     </span>
     <span class='ocr_line' id='line_1_6' title="bbox 265 646 1278 729; baseline 0.002 -17"><span class='ocrx_word' id='word_1_42' title='bbox 265 665 309 713; x_wconf 87' lang='lat' dir='ltr'><strong>ex·</strong></span> <span class='ocrx_word' id='word_1_43' title='bbox 328 647 363 712; x_wconf 90' lang='lat' dir='ltr'><strong>vi</strong></span> <span class='ocrx_word' id='word_1_44' title='bbox 385 646 534 712; x_wconf 79' lang='lat' dir='ltr'><strong>sacrificii</strong></span> <span class='ocrx_word' id='word_1_45' title='bbox 560 663 619 729; x_wconf 89' lang='lat' dir='ltr'><strong>per</strong></span> <span class='ocrx_word' id='word_1_46' title='bbox 642 648 778 712; x_wconf 75' lang='lat' dir='ltr'><strong>niodum</strong></span> <span class='ocrx_word' id='word_1_47' title='bbox 801 647 1049 727; x_wconf 74' lang='lat' dir='ltr'><strong>satisfactionis,</strong></span> <span class='ocrx_word' id='word_1_48' title='bbox 1083 651 1143 716; x_wconf 88' lang='lat' dir='ltr'><strong>scd</strong></span> <span class='ocrx_word' id='word_1_49' title='bbox 1177 669 1219 715; x_wconf 87' lang='lat' dir='ltr'><strong>ex</strong></span> <span class='ocrx_word' id='word_1_50' title='bbox 1242 650 1278 714; x_wconf 90' lang='lat' dir='ltr'><strong>de</strong></span> 
     </span>
     <span class='ocr_line' id='line_1_7' title="bbox 266 729 1287 824; baseline 0.003 -23"><span class='ocrx_word' id='word_1_51' title='bbox 266 737 400 804; x_wconf 81' lang='lat' dir='ltr'><strong>votione</strong></span> <span class='ocrx_word' id='word_1_52' title='bbox 423 739 457 800; x_wconf 88' lang='lat' dir='ltr'><strong>ct</strong></span> <span class='ocrx_word' id='word_1_53' title='bbox 490 736 663 810; x_wconf 59' lang='lat' dir='ltr'><strong>charitat,</strong></span> <span class='ocrx_word' id='word_1_54' title='bbox 695 753 760 822; x_wconf 85' lang='lat' dir='ltr'><strong>qua</strong></span> <span class='ocrx_word' id='word_1_55' title='bbox 794 737 952 804; x_wconf 79' lang='lat' dir='ltr'><strong>sustinuit</strong></span> <span class='ocrx_word' id='word_1_56' title='bbox 986 737 1190 821; x_wconf 83' lang='lat' dir='ltr'><strong>passionem.</strong></span> <span class='ocrx_word' id='word_1_57' title='bbox 1221 729 1287 824; x_wconf 71' lang='lat' dir='ltr'><strong>ltenl</strong></span> 
     </span>
    </p>

    <p class='ocr_par' dir='ltr' id='par_1_3' title="bbox 266 825 1287 912">
     <span class='ocr_line' id='line_1_8' title="bbox 266 825 1287 912; baseline 0 -20"><span class='ocrx_word' id='word_1_58' title='bbox 266 832 362 894; x_wconf 90' lang='lat' dir='ltr'><strong>vetus</strong></span> <span class='ocrx_word' id='word_1_59' title='bbox 384 826 535 892; x_wconf 85' lang='lat' dir='ltr'><strong>sacerdos</strong></span> <span class='ocrx_word' id='word_1_60' title='bbox 569 840 638 892; x_wconf 87' lang='lat' dir='ltr'><strong>uon</strong></span> <span class='ocrx_word' id='word_1_61' title='bbox 662 831 734 892; x_wconf 84' lang='lat' dir='ltr'><strong>erat</strong></span> <span class='ocrx_word' id='word_1_62' title='bbox 757 825 938 910; x_wconf 80' lang='lat' dir='ltr'><strong>perlectus,</strong></span> <span class='ocrx_word' id='word_1_63' title='bbox 964 827 1038 894; x_wconf 90' lang='lat' dir='ltr'><strong>ideo</strong></span> <span class='ocrx_word' id='word_1_64' title='bbox 1062 848 1122 912; x_wconf 93' lang='lat' dir='ltr'><strong>pro</strong></span> <span class='ocrx_word' id='word_1_65' title='bbox 1145 848 1187 894; x_wconf 87' lang='lat' dir='ltr'><strong>se</strong></span> <span class='ocrx_word' id='word_1_66' title='bbox 1211 825 1287 908; x_wconf 69' lang='lat' dir='ltr'><strong>indii</strong></span> 
     </span>
    </p>

    <p class='ocr_par' dir='ltr' id='par_1_4' title="bbox 242 1003 1287 1522">
     <span class='ocr_line' id='line_1_9' title="bbox 242 1003 1287 1090; baseline 0 -16"><span class='ocrx_word' id='word_1_67' title='bbox 242 1006 310 1074; x_wconf 70' lang='lat' dir='ltr'><strong>rlrt.</strong></span> <span class='ocrx_word' id='word_1_68' title='bbox 334 1005 366 1074; x_wconf 77' lang='lat'><strong>5.</strong></span> <span class='ocrx_word' id='word_1_69' title='bbox 389 1003 440 1072; x_wconf 81' lang='lat' dir='ltr'><strong>do</strong></span> <span class='ocrx_word' id='word_1_70' title='bbox 471 1003 672 1073; x_wconf 77' lang='lat' dir='ltr'><strong>socerdotitco</strong></span> <span class='ocrx_word' id='word_1_71' title='bbox 713 1005 831 1074; x_wconf 72' lang='lat' dir='ltr'><strong>Christi</strong></span> <span class='ocrx_word' id='word_1_72' title='bbox 867 1014 987 1076; x_wconf 70' lang='lat' dir='ltr'><strong>rrroo&#39;mt</strong></span> <span class='ocrx_word' id='word_1_73' title='bbox 1012 1010 1050 1074; x_wconf 82' lang='lat' dir='ltr'><strong>to</strong></span> <span class='ocrx_word' id='word_1_74' title='bbox 1071 1015 1238 1076; x_wconf 70' lang='lat' dir='ltr'><strong>neroum.</strong></span> <span class='ocrx_word' id='word_1_75' title='bbox 1262 1008 1287 1090; x_wconf 66' lang='lat' dir='ltr'><strong>i,</strong></span> 
     </span>
     <span class='ocr_line' id='line_1_10' title="bbox 264 1095 1287 1182; baseline -0.005 -17"><span class='ocrx_word' id='word_1_76' title='bbox 264 1095 326 1176; x_wconf 88' lang='lat' dir='ltr'><strong>Sic,</strong></span> <span class='ocrx_word' id='word_1_77' title='bbox 349 1097 511 1182; x_wconf 85' lang='lat' dir='ltr'><strong>quantum</strong></span> <span class='ocrx_word' id='word_1_78' title='bbox 535 1095 578 1160; x_wconf 86' lang='lat' dir='ltr'><strong>ad</strong></span> <span class='ocrx_word' id='word_1_79' title='bbox 601 1097 930 1176; x_wconf 50' lang='lat' dir='ltr'><strong>consummationis,</strong></span> <span class='ocrx_word' id='word_1_80' title='bbox 955 1097 1051 1177; x_wconf 86' lang='lat' dir='ltr'><strong>idest,</strong></span> <span class='ocrx_word' id='word_1_81' title='bbox 1074 1103 1114 1163; x_wconf 93' lang='lat' dir='ltr'><strong>ut</strong></span> <span class='ocrx_word' id='word_1_82' title='bbox 1137 1117 1205 1167; x_wconf 83' lang='lat' dir='ltr'><strong>uos</strong></span> <span class='ocrx_word' id='word_1_83' title='bbox 1220 1111 1287 1162; x_wconf 54' lang='lat' dir='ltr'><strong>coo*</strong></span> 
     </span>
     <span class='ocr_line' id='line_1_11' title="bbox 261 1185 761 1272; baseline -0.008 -19"><span class='ocrx_word' id='word_1_84' title='bbox 261 1203 441 1272; x_wconf 84' lang='lat' dir='ltr'><strong>sequamur</strong></span> <span class='ocrx_word' id='word_1_85' title='bbox 463 1185 566 1250; x_wconf 89' lang='lat' dir='ltr'><strong>vitam</strong></span> <span class='ocrx_word' id='word_1_86' title='bbox 587 1187 761 1252; x_wconf 55' lang='lat' dir='ltr'><strong>‘eternam</strong></span> 
     </span>
     <span class='ocr_line' id='line_1_12' title="bbox 264 1273 1287 1358; baseline -0.004 -16"><span class='ocrx_word' id='word_1_87' title='bbox 264 1295 274 1315; x_wconf 93' lang='lat'><strong>·</strong></span> <span class='ocrx_word' id='word_1_88' title='bbox 298 1274 407 1344; x_wconf 88' lang='lat' dir='ltr'><strong>Virtus</strong></span> <span class='ocrx_word' id='word_1_89' title='bbox 442 1273 599 1358; x_wconf 81' lang='lat' dir='ltr'><strong>passionis</strong></span> <span class='ocrx_word' id='word_1_90' title='bbox 629 1279 741 1341; x_wconf 83' lang='lat' dir='ltr'><strong>meoet</strong></span> <span class='ocrx_word' id='word_1_91' title='bbox 763 1275 798 1340; x_wconf 91' lang='lat' dir='ltr'><strong>in</strong></span> <span class='ocrx_word' id='word_1_92' title='bbox 822 1280 997 1355; x_wconf 84' lang='lat' dir='ltr'><strong>aeteruum,</strong></span> <span class='ocrx_word' id='word_1_93' title='bbox 1024 1280 1059 1342; x_wconf 90' lang='lat' dir='ltr'><strong>ct</strong></span> <span class='ocrx_word' id='word_1_94' title='bbox 1081 1293 1287 1344; x_wconf 82' lang='lat' dir='ltr'><strong>consumma</strong></span> 
     </span>
     <span class='ocr_line' id='line_1_13' title="bbox 263 1362 1287 1434; baseline 0 -2"><span class='ocrx_word' id='word_1_95' title='bbox 263 1364 314 1432; x_wconf 81' lang='lat' dir='ltr'><strong>vit</strong></span> <span class='ocrx_word' id='word_1_96' title='bbox 335 1363 553 1430; x_wconf 78' lang='lat' dir='ltr'><strong>sanctificatos</strong></span> <span class='ocrx_word' id='word_1_97' title='bbox 576 1362 612 1430; x_wconf 87' lang='lat' dir='ltr'><strong>in</strong></span> <span class='ocrx_word' id='word_1_98' title='bbox 637 1367 816 1432; x_wconf 77' lang='lat' dir='ltr'><strong>aeurnun:</strong></span> <span class='ocrx_word' id='word_1_99' title='bbox 841 1364 918 1432; x_wconf 88' lang='lat' dir='ltr'><strong>licet</strong></span> <span class='ocrx_word' id='word_1_100' title='bbox 941 1365 977 1432; x_wconf 93' lang='lat' dir='ltr'><strong>in</strong></span> <span class='ocrx_word' id='word_1_101' title='bbox 1007 1365 1120 1432; x_wconf 92' lang='lat' dir='ltr'><strong>triduo</strong></span> <span class='ocrx_word' id='word_1_102' title='bbox 1144 1365 1287 1434; x_wconf 74' lang='lat' dir='ltr'><strong>Christos</strong></span> 
     </span>
     <span class='ocr_line' id='line_1_14' title="bbox 265 1452 594 1522; baseline -0.012 -2"><span class='ocrx_word' id='word_1_103' title='bbox 265 1475 333 1521; x_wconf 88' lang='lat' dir='ltr'><strong>ooo</strong></span> <span class='ocrx_word' id='word_1_104' title='bbox 357 1452 458 1522; x_wconf 86' lang='lat' dir='ltr'><strong>luerit</strong></span> <span class='ocrx_word' id='word_1_105' title='bbox 484 1457 594 1519; x_wconf 90' lang='lat' dir='ltr'><strong>homo.</strong></span> 
     </span>
    </p>

    <p class='ocr_par' dir='ltr' id='par_1_5' title="bbox 240 1541 1287 1988">
     <span class='ocr_line' id='line_1_15' title="bbox 240 1541 1287 1630; baseline -0.003 -15"><span class='ocrx_word' id='word_1_106' title='bbox 240 1543 308 1615; x_wconf 84' lang='lat' dir='ltr'><strong>Art.</strong></span> <span class='ocrx_word' id='word_1_107' title='bbox 333 1544 365 1611; x_wconf 86' lang='lat' dir='ltr'><strong>d.</strong></span> <span class='ocrx_word' id='word_1_108' title='bbox 388 1541 437 1610; x_wconf 83' lang='lat' dir='ltr'><strong>Ao</strong></span> <span class='ocrx_word' id='word_1_109' title='bbox 466 1542 666 1611; x_wconf 78' lang='lat' dir='ltr'><strong>sacerdotium</strong></span> <span class='ocrx_word' id='word_1_110' title='bbox 698 1545 815 1610; x_wconf 80' lang='lat' dir='ltr'><strong>Christi</strong></span> <span class='ocrx_word' id='word_1_111' title='bbox 843 1548 942 1630; x_wconf 70' lang='lat' dir='ltr'><strong>fodit</strong></span> <span class='ocrx_word' id='word_1_112' title='bbox 961 1545 1123 1612; x_wconf 75' lang='lat' dir='ltr'><strong>recaredum</strong></span> <span class='ocrx_word' id='word_1_113' title='bbox 1154 1545 1287 1612; x_wconf 69' lang='lat' dir='ltr'><strong>orditus</strong></span> 
     </span>
     <span class='ocr_line' id='line_1_16' title="bbox 263 1625 1287 1717; baseline -0.005 -14"><span class='ocrx_word' id='word_1_114' title='bbox 263 1633 489 1703; x_wconf 78' lang='lat' dir='ltr'><strong>Melchisedech.</strong></span> <span class='ocrx_word' id='word_1_115' title='bbox 515 1635 550 1717; x_wconf 72' lang='lat' dir='ltr'><strong>d.</strong></span> <span class='ocrx_word' id='word_1_116' title='bbox 573 1631 637 1712; x_wconf 81' lang='lat' dir='ltr'><strong>Sic,</strong></span> <span class='ocrx_word' id='word_1_117' title='bbox 660 1634 737 1717; x_wconf 81' lang='lat' dir='ltr'><strong>quie</strong></span> <span class='ocrx_word' id='word_1_118' title='bbox 760 1635 955 1702; x_wconf 79' lang='lat' dir='ltr'><strong>excelientia</strong></span> <span class='ocrx_word' id='word_1_119' title='bbox 977 1634 1139 1702; x_wconf 87' lang='lat' dir='ltr'><strong>sacerdoti</strong></span> <span class='ocrx_word' id='word_1_120' title='bbox 1171 1625 1287 1700; x_wconf 79' lang='lat' dir='ltr'><strong>Christi</strong></span> 
     </span>
     <span class='ocr_line' id='line_1_17' title="bbox 261 1721 1287 1809; baseline -0.002 -19"><span class='ocrx_word' id='word_1_121' title='bbox 261 1743 362 1808; x_wconf 89' lang='lat' dir='ltr'><strong>supra</strong></span> <span class='ocrx_word' id='word_1_122' title='bbox 397 1723 500 1808; x_wconf 81' lang='lat' dir='ltr'><strong>legale</strong></span> <span class='ocrx_word' id='word_1_123' title='bbox 529 1721 591 1787; x_wconf 87' lang='lat' dir='ltr'><strong>tuit</strong></span> <span class='ocrx_word' id='word_1_124' title='bbox 625 1723 765 1806; x_wconf 76' lang='lat' dir='ltr'><strong>figurata</strong></span> <span class='ocrx_word' id='word_1_125' title='bbox 795 1725 829 1791; x_wconf 92' lang='lat' dir='ltr'><strong>io</strong></span> <span class='ocrx_word' id='word_1_126' title='bbox 865 1724 1117 1802; x_wconf 80' lang='lat' dir='ltr'><strong>Melchisedech,</strong></span> <span class='ocrx_word' id='word_1_127' title='bbox 1152 1723 1215 1809; x_wconf 85' lang='lat' dir='ltr'><strong>qui</strong></span> <span class='ocrx_word' id='word_1_128' title='bbox 1251 1722 1287 1788; x_wconf 88' lang='lat' dir='ltr'><strong>ah</strong></span> 
     </span>
     <span class='ocr_line' id='line_1_18' title="bbox 262 1812 1287 1898; baseline -0.003 -18"><span class='ocrx_word' id='word_1_129' title='bbox 262 1813 425 1881; x_wconf 82' lang='lat' dir='ltr'><strong>Abraham</strong></span> <span class='ocrx_word' id='word_1_130' title='bbox 448 1812 592 1880; x_wconf 85' lang='lat' dir='ltr'><strong>decimes</strong></span> <span class='ocrx_word' id='word_1_131' title='bbox 625 1813 783 1896; x_wconf 87' lang='lat' dir='ltr'><strong>sumpsit,</strong></span> <span class='ocrx_word' id='word_1_132' title='bbox 806 1813 840 1880; x_wconf 91' lang='lat' dir='ltr'><strong>io</strong></span> <span class='ocrx_word' id='word_1_133' title='bbox 866 1813 961 1880; x_wconf 89' lang='lat' dir='ltr'><strong>ouius</strong></span> <span class='ocrx_word' id='word_1_134' title='bbox 983 1813 1103 1880; x_wconf 84' lang='lat' dir='ltr'><strong>lumbis</strong></span> <span class='ocrx_word' id='word_1_135' title='bbox 1126 1814 1287 1898; x_wconf 76' lang='lat' dir='ltr'><strong>quodam-</strong></span> 
     </span>
     <span class='ocr_line' id='line_1_19' title="bbox 261 1901 970 1988; baseline -0.004 -18"><span class='ocrx_word' id='word_1_136' title='bbox 261 1905 361 1970; x_wconf 89' lang='lat' dir='ltr'><strong>modo</strong></span> <span class='ocrx_word' id='word_1_137' title='bbox 383 1902 447 1969; x_wconf 87' lang='lat' dir='ltr'><strong>luit</strong></span> <span class='ocrx_word' id='word_1_138' title='bbox 470 1901 653 1968; x_wconf 88' lang='lat' dir='ltr'><strong>decimatus</strong></span> <span class='ocrx_word' id='word_1_139' title='bbox 675 1903 825 1970; x_wconf 85' lang='lat' dir='ltr'><strong>sacerdos</strong></span> <span class='ocrx_word' id='word_1_140' title='bbox 848 1902 970 1988; x_wconf 81' lang='lat' dir='ltr'><strong>legalis.</strong></span> 
     </span>
    </p>

    <p class='ocr_par' dir='ltr' id='par_1_6' title="bbox 263 1990 1287 2077">
     <span class='ocr_line' id='line_1_20' title="bbox 263 1990 1287 2077; baseline 0 -19"><span class='ocrx_word' id='word_1_141' title='bbox 263 1991 387 2060; x_wconf 85' lang='lat' dir='ltr'><strong>&#39;hicet</strong></span> <span class='ocrx_word' id='word_1_142' title='bbox 409 1992 445 2057; x_wconf 88' lang='lat' dir='ltr'><strong>io</strong></span> <span class='ocrx_word' id='word_1_143' title='bbox 477 1991 573 2077; x_wconf 73' lang='lat' dir='ltr'><strong>legali</strong></span> <span class='ocrx_word' id='word_1_144' title='bbox 600 2010 659 2075; x_wconf 88' lang='lat' dir='ltr'><strong>per</strong></span> <span class='ocrx_word' id='word_1_145' title='bbox 689 1993 882 2062; x_wconf 78' lang='lat' dir='ltr'><strong>eltruioncm</strong></span> <span class='ocrx_word' id='word_1_146' title='bbox 912 1990 1083 2076; x_wconf 74' lang='lat' dir='ltr'><strong>sanguiris</strong></span> <span class='ocrx_word' id='word_1_147' title='bbox 1104 1992 1287 2076; x_wconf 84' lang='lat' dir='ltr'><strong>expressius</strong></span> 
     </span>
    </p>

    <p class='ocr_par' dir='ltr' id='par_1_7' title="bbox 240 2079 1287 2256">
     <span class='ocr_line' id='line_1_21' title="bbox 240 2079 1287 2168; baseline -0.002 -20"><span class='ocrx_word' id='word_1_148' title='bbox 240 2083 513 2168; x_wconf 74' lang='lat' dir='ltr'><strong>‘significabatur</strong></span> <span class='ocrx_word' id='word_1_149' title='bbox 538 2079 761 2149; x_wconf 85' lang='lat' dir='ltr'><strong>secerdotium</strong></span> <span class='ocrx_word' id='word_1_150' title='bbox 792 2081 929 2161; x_wconf 80' lang='lat' dir='ltr'><strong>Christi,</strong></span> <span class='ocrx_word' id='word_1_151' title='bbox 953 2087 1065 2150; x_wconf 87' lang='lat' dir='ltr'><strong>tamen</strong></span> <span class='ocrx_word' id='word_1_152' title='bbox 1089 2081 1211 2150; x_wconf 87' lang='lat' dir='ltr'><strong>melius</strong></span> <span class='ocrx_word' id='word_1_153' title='bbox 1235 2099 1287 2166; x_wconf 91' lang='lat' dir='ltr'><strong>per</strong></span> 
     </span>
     <span class='ocr_line' id='line_1_22' title="bbox 263 2170 1287 2256; baseline -0.001 -19"><span class='ocrx_word' id='word_1_154' title='bbox 263 2189 384 2256; x_wconf 88' lang='lat' dir='ltr'><strong>paoem</strong></span> <span class='ocrx_word' id='word_1_155' title='bbox 408 2175 441 2237; x_wconf 92' lang='lat' dir='ltr'><strong>et</strong></span> <span class='ocrx_word' id='word_1_156' title='bbox 464 2170 581 2237; x_wconf 88' lang='lat' dir='ltr'><strong>vinum</strong></span> <span class='ocrx_word' id='word_1_157' title='bbox 606 2171 840 2239; x_wconf 84' lang='lat' dir='ltr'><strong>Melchisedech</strong></span> <span class='ocrx_word' id='word_1_158' title='bbox 874 2171 1075 2256; x_wconf 87' lang='lat' dir='ltr'><strong>exprimitur</strong></span> <span class='ocrx_word' id='word_1_159' title='bbox 1104 2171 1287 2240; x_wconf 78' lang='lat' dir='ltr'><strong>communi-</strong></span> 
     </span>
    </p>

    <p class='ocr_par' dir='ltr' id='par_1_8' title="bbox 236 2259 1287 2598">
     <span class='ocr_line' id='line_1_23' title="bbox 236 2259 1287 2340; baseline -0.004 -12"><span class='ocrx_word' id='word_1_160' title='bbox 236 2259 581 2328; x_wconf 75' lang='lat' dir='ltr'><strong>&#39;oatio&#39;liutharistiae</strong></span> <span class='ocrx_word' id='word_1_161' title='bbox 604 2264 638 2325; x_wconf 90' lang='lat' dir='ltr'><strong>ct</strong></span> <span class='ocrx_word' id='word_1_162' title='bbox 659 2260 740 2327; x_wconf 89' lang='lat' dir='ltr'><strong>unio</strong></span> <span class='ocrx_word' id='word_1_163' title='bbox 763 2261 923 2329; x_wconf 85' lang='lat' dir='ltr'><strong>Ecclesiae.</strong></span> <span class='ocrx_word' id='word_1_164' title='bbox 948 2259 1047 2340; x_wconf 86' lang='lat' dir='ltr'><strong>item,</strong></span> <span class='ocrx_word' id='word_1_165' title='bbox 1068 2260 1196 2332; x_wconf 84' lang='lat' dir='ltr'><strong>dicitur</strong></span> <span class='ocrx_word' id='word_1_166' title='bbox 1218 2261 1287 2328; x_wconf 57' lang='lat' dir='ltr'><strong>idel*</strong></span> 
     </span>
     <span class='ocr_line' id='line_1_24' title="bbox 260 2349 1287 2436; baseline -0.003 -19"><span class='ocrx_word' id='word_1_167' title='bbox 260 2349 435 2422; x_wconf 78' lang='lat' dir='ltr'><strong>chisedech</strong></span> <span class='ocrx_word' id='word_1_168' title='bbox 457 2349 531 2416; x_wconf 87' lang='lat' dir='ltr'><strong>sine</strong></span> <span class='ocrx_word' id='word_1_169' title='bbox 552 2355 646 2434; x_wconf 83' lang='lat' dir='ltr'><strong>petre</strong></span> <span class='ocrx_word' id='word_1_170' title='bbox 669 2353 703 2414; x_wconf 91' lang='lat' dir='ltr'><strong>et</strong></span> <span class='ocrx_word' id='word_1_171' title='bbox 725 2354 846 2429; x_wconf 87' lang='lat' dir='ltr'><strong>matre,</strong></span> <span class='ocrx_word' id='word_1_172' title='bbox 870 2351 996 2436; x_wconf 71' lang='lat' dir='ltr'><strong>innon</strong></span> <span class='ocrx_word' id='word_1_173' title='bbox 1019 2351 1222 2418; x_wconf 73' lang='lat' dir='ltr'><strong>assimilatus</strong></span> <span class='ocrx_word' id='word_1_174' title='bbox 1241 2355 1287 2418; x_wconf 80' lang='lat' dir='ltr'><strong>est</strong></span> 
     </span>
     <span class='ocr_line' id='line_1_25' title="bbox 261 2437 1287 2526; baseline 0 -18"><span class='ocrx_word' id='word_1_175' title='bbox 261 2439 340 2508; x_wconf 84' lang='lat' dir='ltr'><strong>Filio</strong></span> <span class='ocrx_word' id='word_1_176' title='bbox 364 2439 432 2520; x_wconf 86' lang='lat' dir='ltr'><strong>Dei,</strong></span> <span class='ocrx_word' id='word_1_177' title='bbox 456 2437 573 2526; x_wconf 89' lang='lat' dir='ltr'><strong>quiin</strong></span> <span class='ocrx_word' id='word_1_178' title='bbox 597 2438 687 2507; x_wconf 88' lang='lat' dir='ltr'><strong>coelis</strong></span> <span class='ocrx_word' id='word_1_179' title='bbox 710 2439 781 2506; x_wconf 90' lang='lat' dir='ltr'><strong>sine</strong></span> <span class='ocrx_word' id='word_1_180' title='bbox 805 2441 969 2520; x_wconf 71' lang='lat' dir='ltr'><strong>mutreio</strong></span> <span class='ocrx_word' id='word_1_181' title='bbox 986 2446 1076 2508; x_wconf 82' lang='lat' dir='ltr'><strong>terra</strong></span> <span class='ocrx_word' id='word_1_182' title='bbox 1096 2439 1172 2512; x_wconf 87' lang='lat' dir='ltr'><strong>sine</strong></span> <span class='ocrx_word' id='word_1_183' title='bbox 1197 2446 1287 2526; x_wconf 84' lang='lat' dir='ltr'><strong>petre</strong></span> 
     </span>
     <span class='ocr_line' id='line_1_26' title="bbox 260 2529 334 2598; baseline -0.041 0"><span class='ocrx_word' id='word_1_184' title='bbox 260 2529 334 2598; x_wconf 90' lang='lat' dir='ltr'><strong>luit.</strong></span> 
     </span>
    </p>
   </div>
   <div class='ocr_carea' id='block_1_3' title="bbox 398 2706 1116 2972">
    <p class='ocr_par' dir='ltr' id='par_1_9' title="bbox 398 2706 1116 2972">
     <span class='ocr_line' id='line_1_27' title="bbox 595 2706 911 2793; baseline 0 -19"><span class='ocrx_word' id='word_1_185' title='bbox 595 2706 775 2793; x_wconf 75' lang='lat' dir='ltr'><strong>portstto</strong></span> <span class='ocrx_word' id='word_1_186' title='bbox 802 2707 911 2779; x_wconf 87' lang='lat' dir='ltr'><strong>XXIll.</strong></span> 
     </span>
     <span class='ocr_line' id='line_1_28' title="bbox 398 2889 1116 2972; baseline 0.001 -15"><span class='ocrx_word' id='word_1_187' title='bbox 398 2890 490 2958; x_wconf 76' lang='lat' dir='ltr'><strong>De</strong></span> <span class='ocrx_word' id='word_1_188' title='bbox 515 2889 839 2972; x_wconf 73' lang='lat' dir='ltr'><strong>adoptione</strong></span> <span class='ocrx_word' id='word_1_189' title='bbox 863 2893 1116 2960; x_wconf 67' lang='lat' dir='ltr'><strong>Christi.</strong></span> 
     </span>
    </p>
   </div>
   <div class='ocr_carea' id='block_1_4' title="bbox 234 3063 1284 3782">
    <p class='ocr_par' dir='ltr' id='par_1_10' title="bbox 234 3063 1284 3333">
     <span class='ocr_line' id='line_1_29' title="bbox 234 3063 1284 3154; baseline -0.001 -20"><span class='ocrx_word' id='word_1_190' title='bbox 234 3063 303 3134; x_wconf 82' lang='lat' dir='ltr'><strong>Art.</strong></span> <span class='ocrx_word' id='word_1_191' title='bbox 329 3065 360 3136; x_wconf 83' lang='lat' dir='ltr'><strong>t.</strong></span> <span class='ocrx_word' id='word_1_192' title='bbox 383 3066 433 3134; x_wconf 79' lang='lat' dir='ltr'><strong>rto</strong></span> <span class='ocrx_word' id='word_1_193' title='bbox 455 3068 521 3136; x_wconf 80' lang='lat' dir='ltr'><strong>lico</strong></span> <span class='ocrx_word' id='word_1_194' title='bbox 549 3071 714 3138; x_wconf 80' lang='lat' dir='ltr'><strong>coneraiot</strong></span> <span class='ocrx_word' id='word_1_195' title='bbox 745 3070 828 3154; x_wconf 74' lang='lat' dir='ltr'><strong>filios</strong></span> <span class='ocrx_word' id='word_1_196' title='bbox 862 3069 1018 3152; x_wconf 76' lang='lat' dir='ltr'><strong>adoptare.</strong></span> <span class='ocrx_word' id='word_1_197' title='bbox 1042 3069 1078 3152; x_wconf 74' lang='lat' dir='ltr'><strong>d.</strong></span> <span class='ocrx_word' id='word_1_198' title='bbox 1100 3067 1174 3148; x_wconf 78' lang='lat' dir='ltr'><strong>Sic,</strong></span> <span class='ocrx_word' id='word_1_199' title='bbox 1211 3065 1284 3154; x_wconf 85' lang='lat' dir='ltr'><strong>quia</strong></span> 
     </span>
     <span class='ocr_line' id='line_1_30' title="bbox 257 3155 1282 3243; baseline 0.002 -23"><span class='ocrx_word' id='word_1_200' title='bbox 257 3155 407 3224; x_wconf 86' lang='lat' dir='ltr'><strong>admittit</strong></span> <span class='ocrx_word' id='word_1_201' title='bbox 427 3158 577 3226; x_wconf 86' lang='lat' dir='ltr'><strong>homines</strong></span> <span class='ocrx_word' id='word_1_202' title='bbox 599 3161 639 3226; x_wconf 88' lang='lat' dir='ltr'><strong>ad</strong></span> <span class='ocrx_word' id='word_1_203' title='bbox 665 3157 956 3243; x_wconf 82' lang='lat' dir='ltr'><strong>partecipatiouem</strong></span> <span class='ocrx_word' id='word_1_204' title='bbox 971 3177 1040 3227; x_wconf 79' lang='lat' dir='ltr'><strong>sum</strong></span> <span class='ocrx_word' id='word_1_205' title='bbox 1055 3157 1282 3226; x_wconf 79' lang='lat' dir='ltr'><strong>beatitudinis</strong></span> 
     </span>
     <span class='ocr_line' id='line_1_31' title="bbox 259 3244 1283 3333; baseline 0.005 -22"><span class='ocrx_word' id='word_1_206' title='bbox 259 3244 338 3312; x_wconf 92' lang='lat' dir='ltr'><strong>ltem</strong></span> <span class='ocrx_word' id='word_1_207' title='bbox 362 3245 659 3332; x_wconf 82' lang='lat' dir='ltr'><strong>Deusodoptaodo</strong></span> <span class='ocrx_word' id='word_1_208' title='bbox 674 3267 733 3316; x_wconf 86' lang='lat' dir='ltr'><strong>sua</strong></span> <span class='ocrx_word' id='word_1_209' title='bbox 747 3250 854 3333; x_wconf 76' lang='lat' dir='ltr'><strong>gratie</strong></span> <span class='ocrx_word' id='word_1_210' title='bbox 870 3249 948 3316; x_wconf 85' lang='lat' dir='ltr'><strong>lacit</strong></span> <span class='ocrx_word' id='word_1_211' title='bbox 970 3246 1126 3317; x_wconf 86' lang='lat' dir='ltr'><strong>homines</strong></span> <span class='ocrx_word' id='word_1_212' title='bbox 1150 3246 1283 3316; x_wconf 80' lang='lat' dir='ltr'><strong>idoneos</strong></span> 
     </span>
    </p>

    <p class='ocr_par' dir='ltr' id='par_1_11' title="bbox 235 3335 1278 3494">
     <span class='ocr_line' id='line_1_32' title="bbox 235 3335 1278 3494; baseline 0.006 -94"><span class='ocrx_word' id='word_1_213' title='bbox 235 3354 316 3494; x_wconf 80' lang='lat' dir='ltr'><strong>dsuo</strong></span> <span class='ocrx_word' id='word_1_214' title='bbox 338 3335 460 3422; x_wconf 76' lang='lat' dir='ltr'><strong>grotia3</strong></span> <span class='ocrx_word' id='word_1_215' title='bbox 482 3338 540 3406; x_wconf 90' lang='lat' dir='ltr'><strong>sed</strong></span> <span class='ocrx_word' id='word_1_216' title='bbox 559 3339 656 3405; x_wconf 91' lang='lat' dir='ltr'><strong>homo</strong></span> <span class='ocrx_word' id='word_1_217' title='bbox 680 3357 759 3417; x_wconf 89' lang='lat' dir='ltr'><strong>non,</strong></span> <span class='ocrx_word' id='word_1_218' title='bbox 773 3338 831 3406; x_wconf 85' lang='lat' dir='ltr'><strong>sed</strong></span> <span class='ocrx_word' id='word_1_219' title='bbox 844 3337 933 3423; x_wconf 74' lang='lat' dir='ltr'><strong>eligit</strong></span> <span class='ocrx_word' id='word_1_220' title='bbox 950 3337 1088 3406; x_wconf 81' lang='lat' dir='ltr'><strong>idoneos</strong></span> <span class='ocrx_word' id='word_1_221' title='bbox 1110 3336 1155 3404; x_wconf 82' lang='lat' dir='ltr'><strong>ad</strong></span> <span class='ocrx_word' id='word_1_222' title='bbox 1178 3339 1278 3406; x_wconf 76' lang='lat' dir='ltr'><strong>nare</strong></span> 
     </span>
     <span class='ocr_line' id='line_1_33' title="bbox 260 3425 385 3494; baseline 0 -2"><span class='ocrx_word' id='word_1_223' title='bbox 260 3425 385 3494; x_wconf 78' lang='lat' dir='ltr'><strong>itatem.</strong></span> 
     </span>
    </p>

    <p class='ocr_par' dir='ltr' id='par_1_12' title="bbox 256 3512 1281 3782">
     <span class='ocr_line' id='line_1_34' title="bbox 258 3512 1281 3601; baseline 0 -17"><span class='ocrx_word' id='word_1_224' title='bbox 258 3512 398 3584; x_wconf 79' lang='lat' dir='ltr'><strong>&#39;··llomo</strong></span> <span class='ocrx_word' id='word_1_225' title='bbox 420 3519 470 3584; x_wconf 89' lang='lat' dir='ltr'><strong>est</strong></span> <span class='ocrx_word' id='word_1_226' title='bbox 491 3520 669 3586; x_wconf 81' lang='lat' dir='ltr'><strong>extraneus</strong></span> <span class='ocrx_word' id='word_1_227' title='bbox 702 3517 770 3586; x_wconf 89' lang='lat' dir='ltr'><strong>Deo</strong></span> <span class='ocrx_word' id='word_1_228' title='bbox 792 3518 977 3586; x_wconf 87' lang='lat' dir='ltr'><strong>secundum</strong></span> <span class='ocrx_word' id='word_1_229' title='bbox 1011 3517 1100 3586; x_wconf 87' lang='lat' dir='ltr'><strong>hono</strong></span> <span class='ocrx_word' id='word_1_230' title='bbox 1120 3533 1281 3601; x_wconf 77' lang='lat' dir='ltr'><strong>suprana-</strong></span> 
     </span>
     <span class='ocr_line' id='line_1_35' title="bbox 256 3606 1280 3692; baseline -0.002 -18"><span class='ocrx_word' id='word_1_231' title='bbox 256 3606 389 3687; x_wconf 82' lang='lat' dir='ltr'><strong>turolia,</strong></span> <span class='ocrx_word' id='word_1_232' title='bbox 411 3625 481 3676; x_wconf 85' lang='lat' dir='ltr'><strong>noo</strong></span> <span class='ocrx_word' id='word_1_233' title='bbox 504 3608 689 3676; x_wconf 69' lang='lat' dir='ltr'><strong>mcondum</strong></span> <span class='ocrx_word' id='word_1_234' title='bbox 713 3608 888 3676; x_wconf 85' lang='lat' dir='ltr'><strong>naturalia.</strong></span> <span class='ocrx_word' id='word_1_235' title='bbox 920 3608 1000 3674; x_wconf 90' lang='lat' dir='ltr'><strong>ltem</strong></span> <span class='ocrx_word' id='word_1_236' title='bbox 1025 3609 1126 3674; x_wconf 85' lang='lat' dir='ltr'><strong>homo</strong></span> <span class='ocrx_word' id='word_1_237' title='bbox 1148 3607 1280 3692; x_wconf 84' lang='lat' dir='ltr'><strong>adoptat</strong></span> 
     </span>
     <span class='ocr_line' id='line_1_36' title="bbox 259 3695 1278 3782; baseline 0.003 -19"><span class='ocrx_word' id='word_1_238' title='bbox 259 3697 302 3764; x_wconf 86' lang='lat' dir='ltr'><strong>ad</strong></span> <span class='ocrx_word' id='word_1_239' title='bbox 329 3695 548 3780; x_wconf 82' lang='lat' dir='ltr'><strong>supplendam</strong></span> <span class='ocrx_word' id='word_1_240' title='bbox 583 3696 1047 3782; x_wconf 62' lang='lat' dir='ltr'><strong>suamtntteenumctun</strong></span> <span class='ocrx_word' id='word_1_241' title='bbox 1068 3697 1112 3772; x_wconf 85' lang='lat' dir='ltr'><strong>ad</strong></span> <span class='ocrx_word' id='word_1_242' title='bbox 1132 3713 1278 3770; x_wconf 76' lang='lat' dir='ltr'><strong>eommu-</strong></span> 
     </span>
    </p>
   </div>
   <div class='ocr_carea' id='block_1_5' title="bbox 0 0 1306 4210">
    <p class='ocr_par' dir='ltr' id='par_1_13' title="bbox 0 0 1306 4210">
     <span class='ocr_line' id='line_1_37' title="bbox 0 0 1306 4210; baseline 0 1"><span class='ocrx_word' id='word_1_243' title='bbox 0 0 1306 4210; x_wconf 95' lang='lat' dir='ltr'><strong> </strong></span> 
     </span>
    </p>
   </div>
  </div>
 </body>
</html>
