2636 4202
441 115 519 167 mvi
543 112 692 172 ruouAE.
1007 97 1050 166 tt

69 276 145 362 pti0‚
169 279 206 344 et
229 279 269 344 ut
291 276 453 345 deficiunt
475 295 494 342 a
517 277 617 343 bono.
645 273 725 340 item
752 271 870 342 melius
893 274 943 339 est
964 271 1001 342 in
1025 275 1094 343 toto

68 386 132 432 esse
155 370 296 446 malum,
322 386 389 433 non
415 365 449 430 in
474 369 578 448 parte.

50 455 109 524 Art.
132 457 166 526 3.
190 457 242 526 An
265 459 378 526 molum
400 458 444 522 sit
465 458 499 521 r'o
529 455 615 538 tono,
630 457 720 520 'sicut
750 455 785 520 in
807 453 946 538 suumn.
971 455 1007 536 it.
1030 453 1093 536 Sic,

69 547 232 630 privative
256 568 324 614 non
350 544 512 632 negative,
531 547 564 612 et
580 564 648 612 nou
665 547 702 610 ut
716 562 799 626 pars,
823 545 874 610 vet
899 543 1092 628 proprietas.

51 637 111 702 Art.
136 635 168 702 t.
194 637 246 703 An
269 639 382 704 motum
405 642 581 720 corronrpat
603 640 697 700 totum
718 633 837 702 tonum.
853 635 887 717 it.
900 632 970 700 Non
994 638 1094 718 prout

69 729 114 792 cr
134 728 325 810 subjectum
352 726 441 804 mali,
465 726 522 790 sed
545 725 691 808 aliquam
719 725 870 788 formam.

52 815 110 882 trt.
133 816 166 882 5.
191 815 243 884 An
273 819 387 884 motum
416 817 606 898 sufficienter
640 813 796 879 dividatur
830 816 864 880 io
895 830 1030 895 penam,
1064 820 1097 892 cr

70 907 196 989 cuipam.
221 909 259 991 rt.
282 907 353 982 Sic,
382 905 417 971 in
445 903 656 982 voluntariis,
685 906 718 968 et
742 922 810 968 non
834 903 882 970 est
905 903 971 969 sola
994 923 1093 988 nega·

72 995 124 1073 tio,
145 996 206 1062 sed
230 996 386 1081 privatio.

54 1083 112 1152 trt.
136 1085 168 1152 6.
193 1087 243 1156 Ao
266 1087 324 1154 nau
325 1093 377 1153 cot
396 1087 465 1169 ptus
488 1084 522 1149 dc
545 1085 667 1151 ratione
690 1083 764 1150 orati
784 1099 887 1168 pono,
917 1085 965 1150 vet
994 1083 1091 1170 culpo.

72 1171 237 1263 inculpa,
265 1177 361 1274 quia
371 1194 471 1260 poena
496 1175 594 1241 datur
618 1175 660 1240 ad
685 1175 860 1242 vitandum
883 1174 1023 1260 culpam

420 1441 598 1530 oonsuo
621 1440 724 1510 xcix.
770 1471 777 1482 ·

320 1609 415 1692 De
445 1640 630 1692 eausa
654 1624 848 1693 mali.

56 1807 168 1876 trt..t
192 1806 281 1874 ano
283 1826 378 1874 onum
398 1807 496 1896 popsit
517 1823 577 1872 ease
600 1821 690 1870 conso
719 1807 803 1873 moli.
840 1805 876 1886 it
911 1801 980 1883 Sic,
1015 1804 1093 1887 quia

74 1897 213 1964 deiectus
237 1897 318 1963 boni
343 1902 392 1964 cst
414 1917 433 1962 a
456 1915 553 1961 causa
580 1894 800 1978 impediente,
831 1912 905 1977 quae
936 1898 985 1957 est
1016 1912 1091 1975 ens,
1170 1937 1178 1950 .

21 2039 25 2048 .
73 1989 123 2053 sed
147 1985 339 2066 materialis,
364 2006 432 2052 non
457 1985 613 2050 formatis.

57 2073 116 2143 Art.
137 2077 168 2144 2.
195 2075 245 2144 An
269 2077 352 2144 Deus
374 2079 419 2142 sit
439 2075 682 2158 eousolmoti.
660 2092 695 2155 n.
715 2076 797 2152 Non,
815 2071 892 2159 quia
909 2092 976 2139 non
993 2073 1093 2139 habet

75 2167 235 2233 deiectum
261 2167 465 2244 iunctione,
496 2165 553 2230 sed
580 2169 629 2229 est
651 2183 747 2231 causa
771 2161 1008 2250 corruptionis,
1033 2183 1092 2247 per

6 2263 15 2279 ’
74 2258 221 2324 accidens
243 2256 279 2322 io
304 2255 521 2333 naturalibus,
545 2255 608 2319 vel
623 2254 657 2320 in
683 2256 798 2338 poenis

59 2343 114 2412 trt.
137 2347 168 2414 3.
193 2346 244 2412 An
266 2349 311 2412 sit
330 2366 425 2414 norun
447 2363 595 2411 summum
613 2345 736 2422 molum,
752 2346 830 2430 quod
843 2348 886 2412 ait
900 2363 989 2412 coneo
1003 2347 1089 2412 moti.

76 2436 106 2516 it
128 2437 213 2514 Non,
235 2436 313 2522 quia
337 2455 405 2502 non
429 2436 528 2501 datur
551 2454 610 2519 per
634 2437 807 2553 essentiam
831 2437 965 2534 matum,
982 2437 1016 2502 et
1031 2436 1090 2502 tol·

77 2525 151 2593 teret
174 2543 278 2594 omno
302 2527 438 2594 bonum.

451 2702 628 2792 punsuo
652 2706 684 2794 o.

135 2890 228 2955 De
255 2889 597 2955 substantia
622 2890 1001 2972 Angelorum

424 2982 718 3050 absolute.

63 3155 114 3224 tn
138 3159 166 3225 i.
192 3158 242 3226 An
266 3157 399 3240 Anpctus
422 3160 465 3224 sit
485 3178 654 3242 corporeos.
680 3162 715 3244 it.
739 3161 801 3240 Sic,
825 3165 858 3227 et
879 3163 1022 3245 perfecto
1039 3184 1090 3228 re-

80 3253 249 3327 presentat
282 3249 403 3328 Deum,
439 3249 496 3334 qui
532 3249 746 3336 intelligendo
780 3255 813 3372 et
841 3253 983 3318 volendo
1014 3255 1091 3320 facit

81 3339 192 3406 omnia

80 3425 175 3494 ino
156 3429 219 3512 geli
243 3432 324 3494 suot
351 3427 591 3512 circumscripti
622 3431 772 3497 torminis
803 3433 966 3512 essentiae,
1000 3433 1090 3516 quod

79 3519 227 3584 convenit
251 3519 343 3584 omni
366 3523 485 3598 creato,
510 3523 542 3584 et
567 3539 633 3586 non
658 3521 809 3588 terminis
832 3523 990 3606 corporis.

62 3603 167 3676 ΑΜ
192 3607 242 3674 An
266 3607 400 3712 Anpclur
422 3612 466 3675 or't
486 3612 666 3693 compositus
693 3631 731 3677 co
756 3615 900 3692 noterio,
930 3619 961 3678 ct
981 3617 1089 3700 [orma

82 3697 109 3768 i..
135 3697 223 3774 Nou,
256 3699 334 3782 quia
358 3699 504 3782 operatio
528 3699 642 3786 augeli
667 3707 715 3767 est
739 3705 867 3769 tantum
892 3702 1088 3770 immateria-

36 3862 41 3872 ,
137 3787 210 3856 Dici
239 3788 366 3857 Ttomoe.
657 3855 658 3858 ,
980 3795 999 3858 t
