2614 4190
288 109 353 178 ιιι
541 127 583 178 ex
607 125 774 180 succum
798 126 985 180 eremmon

267 244 384 312 divisio
406 248 455 310 est
478 245 705 328 poenitentiae,
743 248 781 311 ut
808 249 856 312 est
884 245 1014 324 virtus,
1042 246 1077 309 et
1113 245 1172 309 est
1209 244 1287 310 bona

266 336 450 402 secundum
484 335 614 401 diversa
648 338 812 420 tempora;
851 334 959 419 primo
989 334 1025 401 in
1068 333 1288 416 generatione

266 441 372 490 novae
394 425 498 507 vitae;
521 425 667 492 secundo
688 424 724 492 in
740 429 916 511 corruptae
931 424 1020 492 vitae
1032 423 1293 504 emendatione¹

265 516 364 580 tertio
388 513 422 582 in
446 515 658 599 perfectione.

741 781 782 828 EX

451 924 832 1013 SUPPLEMENTO
864 923 1081 1012 SUMMAE

626 1094 667 1161 n.
692 1093 896 1158 rnouar.

653 1429 831 1516 consuo
853 1431 877 1498 ι.

274 1663 278 1676 ·
331 1653 422 1718 Do
445 1652 726 1733 partibus
750 1652 1189 1732 poenitentiae.

418 1744 484 1808 in
508 1742 780 1822 speciali,
808 1746 872 1809 et
894 1741 1097 1820 primo

510 1831 588 1898 de
612 1833 1005 1900 contritione.

241 2006 319 2077 Art.
337 2007 368 2076 ι.
390 2007 438 2076 Aa
460 2010 608 2076 contritio
630 2011 675 2076 sit
693 2007 779 2074 dolor
808 2008 844 2078 dc
873 2010 1006 2093 pcccatis
1041 2014 1223 2092 assumptio.
1250 2009 1284 2090 ri.

262 2097 323 2174 Sic,
347 2097 427 2183 quia
450 2101 542 2165 actus
565 2097 630 2180 ille,
654 2118 720 2184 quo
745 2099 916 2181 peccatum
939 2097 1136 2174 dimittitur,
1162 2116 1226 2180 per
1242 2095 1284 2162 si·

265 2185 488 2255 militudinem
512 2187 635 2254 dicitur
657 2187 823 2269 contritio,
847 2189 924 2272 quia
936 2187 1103 2271 frangitur
1118 2186 1154 2252 in
1171 2186 1283 2252 minu·

264 2275 404 2342 tissimus
426 2280 535 2360 partes
557 2276 681 2358 duritia
704 2278 812 2344 cordis
836 2277 979 2344 hominis
1002 2277 1087 2342 iacta
1118 2294 1179 2358 per
1209 2295 1283 2360 pec·

263 2367 375 2432 catum
398 2367 591 2449 praesertim
624 2367 804 2451 superbiam
840 2367 907 2434 imo
941 2368 1035 2434 dolor
1069 2363 1281 2449 poenitentia

263 2455 401 2522 omnino
425 2455 511 2521 tollit
521 2456 679 2522 duritiam
696 2457 832 2538 peccati,
848 2462 881 2522 et
895 2455 942 2521 sic
958 2475 1017 2539 per
1030 2454 1280 2520 translationem

262 2544 386 2611 dicitur
408 2545 577 2613 contritio.
602 2545 691 2622 item,
715 2546 750 2611 in
781 2546 981 2612 contritione
1005 2543 1109 2610 muita
1131 2544 1283 2611 conside·

263 2638 392 2713 rantur,
415 2638 455 2700 ut
475 2635 669 2712 substantia,
692 2641 783 2700 actus
807 2635 1006 2714 meritorius,
1036 2633 1155 2718 agendi
1186 2634 1282 2716 prin·

260 2722 394 2806 cipium,
418 2726 451 2788 et
474 2725 624 2803 effectum
647 2724 721 2789 ideo
745 2725 836 2790 varie
859 2724 1036 2801 definitum
1060 2741 1138 2788 nam
1163 2729 1203 2786 ιιι
1231 2727 1280 2790 cst

261 2816 353 2878 actus
376 2811 519 2893 virtutis,
543 2819 576 2880 et
600 2833 675 2898 pars
697 2814 905 2891 sacramenti,
929 2818 978 2879 est
1000 2812 1095 2878 dolor
1119 2830 1181 2894 pro
1206 2833 1280 2896 pec·

263 2901 342 2967 cutis
365 2907 534 2986 asumptus
557 2922 633 2970 cum
657 2903 823 2988 proposito
861 2902 1055 2981 confitendi,
1093 2905 1126 2965 et
1155 2903 1281 2970 satista-

261 2990 382 3057 ciendi.
406 2990 498 3072 item,
524 2996 561 3058 ut
575 2999 625 3060 est
639 2997 730 3060 actus
746 2993 879 3060 virtutis
895 2996 1026 3059 tantum
1041 2990 1088 3056 sic
1104 2992 1278 3060 definitur:

261 3084 311 3147 est
333 3082 427 3149 dolor
450 3082 656 3151 voluntarius
679 3102 739 3166 pro
763 3089 895 3168 peccato
919 3081 1062 3166 puniens
1074 3081 1110 3148 in
1125 3100 1171 3161 se,
1190 3085 1279 3170 quod

257 3169 348 3236 dolet
370 3171 580 3252 commisisse,
603 3177 637 3241 et
659 3173 729 3237 aliis
753 3173 867 3240 modis.

263 3259 274 3284 ‘
298 3257 386 3325 Licet
409 3267 542 3344 peccata
564 3263 631 3328 sint
654 3263 851 3342 voluntaria,
875 3261 1009 3347 quando
1032 3261 1134 3339 fiunt,
1167 3266 1277 3330 nmen

262 3351 396 3433 quando
418 3351 613 3429 conteritur,
637 3352 690 3417 vei
726 3352 831 3430 dolet,
870 3371 936 3417 non
975 3355 1054 3415 sunt
1091 3349 1277 3420 voluntaria

263 3437 435 3505 voluntate
458 3441 623 3522 praesenti,
648 3441 722 3508 ideo
745 3443 787 3508 de
811 3442 860 3508 his
883 3441 981 3507 dolet.
1008 3440 1099 3517 item,
1123 3443 1276 3511 contritio

265 3526 393 3594 ratione
416 3527 543 3608 iormae,
567 3529 651 3616 idest
670 3531 851 3612 charitatis,
874 3534 923 3612 est
945 3552 963 3594 a
985 3528 1064 3607 Deo,
1087 3529 1145 3594 sed
1169 3533 1274 3614 quoad

264 3616 482 3686 substantiam
504 3621 596 3686 actus
619 3623 669 3687 est
690 3642 710 3687 a
732 3620 837 3688 libero
860 3619 1009 3687 arbitrio.
1024 3616 1203 3698 item,licet
1218 3641 1274 3708 per
