2608 4220
428 153 507 207 n1v1
530 152 678 206 cneum.
976 133 1044 208 549

407 358 585 446 consuo
610 357 703 472 mx.

95 547 189 611 De
213 543 505 622 qualitate
531 540 742 606 animae
767 540 1046 609 exeuntis

56 650 88 700 a
111 639 396 716 corpore,
423 637 485 694 et
501 645 672 710 poena
698 631 756 694 ei
772 632 1001 699 inflicta
1019 634 1092 698 ab

326 722 466 800 igne
492 735 815 800 corporeo.
857 809 859 814 Ι

55 897 119 968 det.
145 899 175 967 i.
198 898 247 968 do
269 901 305 965 io
327 901 431 965 cetero
452 903 591 980 soporato
612 902 792 963 remaneant
815 900 970 980 potentine
998 900 1095 965 sensi·

75 993 167 1057 tt'ooe.
191 991 226 1075 ri.
249 989 331 1069 Non,
354 987 432 1072 qnia
455 989 506 1052 hae
523 987 676 1068 potentiae
694 992 773 1051 sunt
784 986 970 1068 coniuncti,
988 993 1021 1054 et
1037 1007 1095 1071 po·

76 1079 182 1146 tentia
203 1082 253 1146 est
267 1083 360 1144 actus
375 1076 456 1153 cius,
471 1075 564 1141 cuius
587 1079 655 1153 cst;
679 1076 737 1140 sed
753 1076 919 1158 potentiae,
937 1097 1011 1162 qum
1026 1097 1095 1145 non

76 1172 220 1236 utuntur
242 1185 390 1250 corpore,
415 1168 552 1230 manent
575 1164 610 1230 in
634 1166 754 1242 anima,
779 1165 867 1231 utin
883 1167 1039 1249 subiecto,
1058 1169 1097 1232 ut

76 1263 127 1324 est
144 1257 289 1342 potentia
301 1254 443 1334 volendi,
459 1253 676 1337 intelligendi,
692 1259 725 1320 et
741 1255 896 1337 potentiae
909 1276 984 1340 quae
995 1260 1097 1322 utun·

77 1351 134 1414 tm·
156 1367 291 1432 organo,
315 1349 353 1412 ut
375 1349 424 1410 est
436 1342 581 1426 potentia
597 1343 763 1422 sensitiva,
777 1346 810 1410 et
825 1346 1009 1429 vegetativa
1024 1365 1099 1411 cor·

78 1441 285 1519 rumpuntur
322 1438 478 1517 corrupto
518 1452 665 1518 organo,
703 1434 792 1518 quod
832 1440 881 1500 est
910 1435 1097 1503 subiectum

77 1546 204 1592 earnm.

80 1614 292 1682 *Sensitivas
315 1615 414 1679 habet
442 1610 637 1678 radicaliter.
662 1611 763 1689 item,
798 1613 832 1678 in
859 1616 1100 1680 resurrectione

79 1709 181 1772 erunt
204 1723 327 1788 organa
351 1703 466 1768 eadem
490 1719 640 1772 numero.
663 1701 721 1766 sed
745 1721 812 1767 non
841 1704 1006 1786 potentiae,
1022 1704 1100 1789 quia

79 1815 148 1861 non
171 1798 251 1861 sunt
272 1798 363 1859 actus
386 1809 501 1856 eorum
518 1791 680 1867 formales,
698 1792 756 1856 sed
773 1795 903 1857 tantum
927 1793 1103 1876 perficien-

79 1888 128 1950 tes
151 1901 267 1949 eorum
290 1879 511 1964 operationes,
536 1879 722 1944 radicaliter
746 1886 856 1947 antem
879 1901 1008 1966 semper
1034 1902 1102 1948 ma·

80 1980 174 2040 ncnt.

58 2064 127 2130 Art.
150 2062 182 2129 2.
205 2059 254 2128 do
277 2062 312 2127 io
335 2061 438 2127 oetmc
459 2065 599 2142 separato
621 2066 800 2126 remaneant
829 2067 914 2128 octos
942 2063 1103 2129 sensitiva·
1162 2093 1164 2098 ·

80 2171 151 2220 rom
171 2153 388 2236 potentiorem.
414 2151 449 2233 rt.
473 2148 554 2226 Non,
579 2147 641 2213 nisi
666 2148 701 2214 in
727 2149 845 2216 radice.

80 2241 96 2272 *
120 2243 156 2308 ln
180 2241 291 2308 anima
313 2243 462 2323 separata
485 2243 533 2302 est
549 2237 707 2302 memoria
723 2239 937 2318 intellectiva,
961 2260 1036 2326 quae
1052 2260 1105 2306 re·

80 2330 179 2416 spicit
201 2330 383 2413 praeterita,
409 2326 602 2410 praesentia,
632 2327 765 2406 futura,
794 2331 850 2395 sed
876 2350 942 2397 non
967 2334 1015 2396 est
1038 2349 1104 2396 me·

81 2421 189 2488 moria
211 2418 377 2496 sensitiva,
402 2436 475 2501 quae
499 2415 630 2499 respicit
654 2419 783 2482 tantum
809 2419 985 2501 praeterita.

60 2508 131 2579 Art
156 2508 188 2578 3.
210 2507 260 2575 dn
282 2511 386 2574 neimo
407 2512 548 2590 separata
567 2506 668 2588 possit
696 2509 766 2590 poti
787 2508 824 2574 ob
853 2511 925 2592 ipe
953 2526 1105 2592 corporeo.

84 2602 123 2684 rt.
145 2599 208 2678 Sic,
233 2602 270 2662 ut
293 2597 327 2669 in
352 2595 506 2674 inferno,
529 2593 586 2679 qni
608 2592 685 2660 licet
707 2597 750 2661 sit
772 2597 1032 2664 instrumentum
1055 2597 1105 2664 di·

82 2687 174 2755 vinae
198 2687 364 2772 potentiae,
387 2689 499 2751 tamon
523 2685 622 2750 habet
644 2687 811 2768 propriam
841 2689 1004 2755 actionem
1027 2706 1107 2753 con-

85 2779 295 2855 naturalem,
319 2779 357 2841 ut
386 2777 542 2857 operetur
571 2773 658 2839 circa
689 2775 724 2840 id
752 2775 1011 2843 instrumentum
1036 2776 1105 2842 Dei.

23 2927 24 2930 ,
83 2868 178 2948 item,
203 2867 290 2932 inter
312 2863 469 2943 animam,
493 2867 526 2928 et
548 2881 668 2945 corpus
691 2868 740 2930 est
761 2871 931 2933 contaetus
952 2867 1109 2951 spiritua·

83 2957 137 3036 lis,
160 2956 219 3041 qni
240 2954 361 3020 suflicit
389 2953 431 3018 ad
459 2952 634 3018 actionem.
670 2953 770 3034 item,
797 2957 944 3023 damnati
967 2956 1044 3023 licet
1066 2973 1108 3021 ex

84 3044 332 3129 dispensatione
366 3042 482 3113 divina
504 3041 682 3127 aliquando
708 3042 776 3110 sint
802 3049 895 3112 extra
925 3044 1108 3125 infernum,

84 3140 200 3202 tamen
223 3152 352 3219 semper
375 3131 493 3198 vident
515 3130 626 3214 ignem
650 3131 773 3199 inferni
796 3135 858 3202 sibi
889 3139 1052 3221 paratum,
1075 3138 1110 3200 ct

82 3225 135 3294 sie
157 3223 358 3310 ubicumque
379 3221 458 3302 sint,
481 3220 581 3305 affligi
607 3226 753 3304 possunt.
