2604 4210
274 65 341 143 tao
519 87 565 138 ax
589 85 758 166 sanusne
782 79 971 140 seponere.
1023 160 1050 164 ,-

228 225 296 294 trt.
319 225 351 292 lo.
373 223 423 292 Ao
445 227 481 289 io
508 219 631 290 Ciriato
656 226 755 308 fuerit
787 223 915 290 itteram
946 219 1121 292 arbitrium.
1148 227 1183 310 rt.
1205 226 1262 302 Sie,

250 315 327 400 quia
350 311 414 381 tuit
436 314 589 383 voluntas
612 314 646 380 in
672 315 790 390 sanein,
814 317 847 378 et
870 313 905 382 in
930 314 1055 391 media,
1079 314 1262 399 quaeratis,

249 409 282 470 et
304 403 419 470 electio
436 412 590 484 voratum
615 403 762 469 nonfuit
782 407 893 468 tomen
913 402 1087 484 dubitatio,
1104 423 1170 470 nee
1185 403 1263 489 igno·

250 495 367 572 raetia,
391 493 447 559 vei·
467 495 575 579 aitqua
598 491 814 576 imperfectio.

226 581 294 650 tri.
317 583 350 651 ὅ.
372 581 584 652 involantes
613 585 745 650 tornae
783 581 903 654 Ctrtso
927 583 1024 666 [aaut
1057 585 1186 650 moino
1206 601 1265 650 coo·

248 675 355 756 formio
377 673 531 740 ootuototi
552 673 664 758 ‹tioioo
687 676 722 739 io
744 673 850 738 volito.
876 674 912 756 at.
936 672 998 749 Sia,
1025 691 1102 738 nam
1127 671 1266 740 Christus

249 763 433 831 voluntate*
450 762 687 841 sensualitatis,
722 767 755 826 et
789 764 962 836 uoluntate
996 767 1149 830 naturae¹
1169 763 1266 848 potnit

247 853 335 918 nolte
369 851 526 932 dotorem,
551 857 766 931 einnonem,
791 856 825 918 et
846 851 893 916 ste
916 851 1007 916 atiud
1039 869 1142 936 quun
1180 851 1265 931 nen,

245 943 304 1008 sed
328 943 508 1020 voluntate,
533 960 607 1026 quse
630 947 679 1007 ast
702 960 762 1024 per
785 941 922 1006 modum
947 940 1094 1020 rationis,
1118 951 1192 1008 non
1214 961 1264 1028 po·

248 1030 422 1116 tuit,·quia
445 1030 552 1101 votuit
574 1030 683 1098 media
705 1031 749 1098 ati
771 1032 905 1097 tinenn

224 1119 291 1189 Art.
315 1119 347 1192 6,.
370 1118 421 1187 An
443 1123 478 1188 io
504 1119 627 1192 Carisa
650 1123 747 1205 luerit
772 1122 975 1188 contrarietas
1007 1120 1214 1190 uoluntatem.
1237 1122 1283 1206 ii„

246 1208 328 1291 Non,
351 1211 429 1296 quia
450 1212 666 1282 eontrariatas
689 1213 789 1284 debet
804 1230 873 1276 esse
897 1211 932 1286 in
956 1211 1085 1289 eodem,
1105 1214 1266 1278 etseeun·

246 1299 327 1366 dum
350 1299 450 1380 idern,
473 1301 569 1367 etsie
590 1301 676 1368 retia
699 1299 825 1386 aliquid
840 1300 1024 1366 seeundum
1050 1300 1226 1380 rationem,
1240 1303 1283 1376 eti

245 1389 336 1455 atiud
358 1390 542 1457 seeundum
570 1391 772 1480 appetitum,
807 1409 875 1456 non
899 1394 949 1455 est
971 1390 1205 1471 eontrarietas;
1227 1389 1268 1456 sie

247 1475 281 1543 in
300 1475 434 1548 Christo
456 1480 610 1550 voluntas
633 1480 803 1558 naturalis,
820 1484 854 1545 et
870 1478 1092 1546 sensualitatis
1114 1481 1283 1548 noieaan

246 1571 398 1645 mortem,
421 1569 479 1636 sed
502 1571 655 1636 veluntas
677 1570 803 1643 diuina,
820 1573 853 1634 et
877 1567 1046 1636 rationalis
1067 1569 1125 1649 sie,
1149 1573 1185 1634 et
1208 1569 1283 1654 pta-¹

246 1659 340 1723 eebat
363 1656 495 1741 rationi,
518 1664 555 1725 ut
577 1679 691 1727 sensus
713 1679 773 1725 suo
797 1663 890 1726 motu
915 1662 1116 1738 moveretur,
1139 1664 1176 1725 et
1200 1677 1269 1744 pra

246 1745 384 1814 eedebat
405 1767 447 1814 ex
471 1749 642 1817 voluntate
664 1747 790 1830 divina,
812 1767 888 1833 quae
911 1767 980 1814 non
1006 1750 1239 1816 retardabatur
1252 1767 1283 1824 a1

245 1853 354 1902 sensu.
391 1834 471 1903 itam
494 1839 611 1923 agonia
636 1857 704 1906 non
729 1839 791 1904 init
814 1839 849 1904 in
876 1842 968 1920 parte
992 1837 1144 1905 rationaii
1180 1836 1269 1904 Chri·

244 1925 309 2006 sti3
331 1925 408 2012 quia
432 1926 577 1994 Christus
600 1929 722 1994 sciebat
745 1928 835 2014 quod
858 1933 942 1992 esset
965 1927 1092 2008 melius,
1115 1928 1176 1994 sed
1201 1931 1283 2012 tan-3

246 2019 318 2081 tum
343 2016 378 2082 in
401 2034 510 2099 sensu
534 2017 618 2086 idest
642 2017 741 2084 timor
764 2015 951 2088 infortunii.
1282 2029 1283 2058 t

569 2162 573 2174 Χ
602 2211 780 2302 ρυιειιο
807 2207 889 2278 nix.-

458 2402 549 2465 De
572 2393 1038 2480 'pertinentibus

400 2488 476 2554 ad
505 2492 804 2556 virtutem
835 2484 1087 2563 Christi,

306 2585 597 2660 quantum
633 2573 707 2647 ad
740 2576 1185 2656 operationem.

220 2750 290 2820 Art.
311 2749 344 2821 1.
365 2753 416 2822 Ao
438 2757 473 2822 tu
497 2751 616 2824 Ciristo
638 2758 824 2823 sitientum
845 2769 911 2819 ono
932 2754 1068 2836 operatio
1091 2751 1267 2820 diuinitatis

241 2849 272 2908 et
291 2844 503 2912 tuonottutis
521 2849 558 2934 rt.
573 2848 657 2915 Sunt
681 2847 756 2912 duae
779 2843 988 2926 operationes
1004 2842 1180 2922 distinctae,
1199 2861 1268 2908 una

239 2928 434 3024 diiinitatis,
457 2933 519 3004 atta
543 2935 766 3013 humanitatis,
789 2933 848 3000 sed
872 2927 994 3000 natura
1016 2931 1133 2998 divina
1157 2931 1269 2998 utitur

239 3021 301 3086 hae
321 3023 549 3110 humanitatis,
567 3023 605 3094 ut
620 3025 854 3101 instrumento,
870 3026 904 3086 et
923 3023 994 3088 traee
1007 3022 1105 3102 iiiius,
1118 3025 1158 3088 ut
1174 3019 1269 3106 prin·

239 3109 352 3196 etpatis
374 3107 510 3198 agentis,
533 3105 614 3203 quia
627 3131 790 3192 movens,
813 3116 848 3178 et
871 3114 999 3178 motum
1014 3115 1101 3177 sunt
1122 3106 1267 3178 diverse

239 3199 364 3281 tarinae,
379 3222 459 3289 ergo
482 3205 628 3273 diversas
644 3204 767 3271 haiient
782 3199 991 3285 operationes
1014 3214 1092 3267 eum
1114 3219 1267 3268 mmanu-

240 3290 341 3357 nione
365 3294 546 3382 utriusque,
568 3313 661 3363 seeus
683 3294 736 3358 vet
759 3289 909 3358 Christus
932 3294 1015 3359 esset
1037 3291 1266 3380 imperteetus,

240 3381 292 3445 vei
316 3376 408 3452 taeta¹
424 3386 507 3450 esset
530 3385 677 3452 contusio
701 3386 928 3449 naturarum·

238 3466 253 3498 *
276 3465 374 3549 Nota,
390 3473 545 3556 'operatio
563 3479 708 3540 naturae
744 3473 917 3549 humanae,
942 3474 979 3536 ut
1002 3470 1264 3538 instrumentum

238 3553 385 3642 Deitatis,
410 3573 477 3630 non
502 3569 553 3628 est
573 3565 635 3632 aiio
658 3564 699 3629 ab
723 3559 916 3643 operatione
949 3560 1151 3644 divinitatis,
1177 3577 1212 3625 v.
1236 3581 1264 3645 p.

238 3647 396 3728 salvati03
419 3652 478 3717 sed
500 3657 620 3720 natura
643 3653 788 3717 humana
804 3667 845 3715 ex
861 3669 896 3715 se
912 3649 1013 3718 habet
1035 3649 1264 3734 operationem
