2608 4220
439 149 516 202 nivo
537 141 683 204 THOMAE.

391 339 569 440 QUAEsoto
592 355 737 428 LXXXV.

363 538 454 600 De
479 542 765 604 claritate

209 639 543 706 corporum
570 631 910 694 beatorum.

38 799 106 870 Art.
132 800 163 869 l.
187 802 238 869 Ao
258 801 434 887 corporibus
455 804 599 886 ploriosic
620 807 784 871 coooooiot
803 804 938 871 claritas.
953 807 990 894 sl.
1013 805 1079 888 Sic,

59 891 139 976 quia
160 893 335 976 fulgebunt
348 891 441 958 sicut
463 893 521 970 sol,
545 898 579 958 et
600 893 655 959 illa
680 893 810 959 claritas
833 895 1022 961 causabitur
1037 916 1079 961 ex

58 981 283 1047 redundantia
306 983 418 1065 gloriae
440 982 560 1048 animae
584 983 618 1048 in
641 1001 760 1065 corpus
783 984 882 1049 modo
904 985 1079 1067 corporali,

58 1074 92 1136 et
116 1070 295 1153 recipietur
318 1089 378 1154 per
398 1073 534 1138 modum
558 1072 756 1156 recipientis,
773 1077 806 1137 et
820 1074 884 1138 erit
897 1074 1011 1153 maior,
1024 1076 1078 1140 vel

58 1158 172 1226 minor
193 1161 377 1226 secundum
400 1161 619 1244 quantitatem
642 1162 754 1246 glorie
780 1161 900 1228 animae
929 1183 989 1246 pro
1012 1182 1080 1228 me-

57 1249 141 1328 ritis,
166 1270 228 1316 nec
250 1250 341 1315 color
356 1251 413 1334 qui
430 1255 478 1317 est
493 1252 697 1316 conveniens
711 1251 842 1333 corpori
866 1251 1077 1334 impedietur,

57 1344 91 1405 et
115 1339 180 1405 erit
202 1339 331 1405 claritas
353 1341 538 1406 secundum
562 1342 697 1406 modum
720 1338 897 1406 cuiuslibet
920 1343 1035 1424 partis.

35 1427 104 1497 Art.
128 1429 161 1498 2.
185 1427 237 1496 Ao
258 1429 384 1496 ctoritos
405 1429 534 1512 ptoriosi
555 1427 691 1515 corporis
711 1430 809 1512 poscit
834 1425 934 1497 vidoro·
967 1449 1078 1498 ocor·

54 1537 131 1604 porc
153 1537 217 1585 ooo
238 1519 380 1602 plorioco.
405 1520 440 1602 rt.
463 1518 527 1590 Sic.
549 1523 583 1584 et
617 1518 822 1596 naturaliter,
851 1523 883 1586 et
911 1519 1005 1603 impii
1028 1520 1082 1586 vi·

55 1610 188 1675 debunt
210 1608 347 1694 gloriam
368 1611 559 1674 sanctorum
582 1608 617 1674 in
640 1607 773 1689 iudicio,
796 1613 893 1674 etex
920 1612 982 1675 hoc
1003 1613 1074 1676 tor-

54 1699 263 1783 quebuntur,
286 1699 320 1762 et
340 1695 702 1783 assimilatur‘claritati
724 1695 844 1763 christi
873 1697 910 1764 in
944 1701 1077 1766 transli-

54 1785 233 1872 guratioue
255 1805 355 1872 quam
377 1785 537 1851 viderunt
558 1785 710 1869 Apostoli.

53 1878 69 1909 *
92 1875 229 1964 Claritas
252 1878 390 1953 naturas,
415 1880 448 1940 et
470 1874 582 1960 gloriae
604 1875 682 1941 licet
704 1875 740 1941 in
756 1893 852 1942 eausa
867 1875 935 1943 sint
951 1877 1075 1944 diversi

53 1965 197 2052 generis,
225 1969 336 2032 tamm
372 1963 579 2031 conveniunt
612 1964 648 2030 in
678 1963 796 2049 specie.
820 1964 912 2047 Item,
946 1966 1076 2034 claritas

53 2056 145 2124 beati
168 2056 244 2122 licet
265 2053 308 2121 sit
330 2055 460 2120 intema
483 2073 551 2123 non
580 2054 719 2120 ollendit
752 2054 871 2135 visum,
906 2056 985 2140 quia
1007 2057 1076 2140 egit

52 2147 182 2212 virtute
204 2143 334 2222 animae,
357 2145 418 2209 sed
437 2143 588 2222 delectat,
611 2149 645 2209 et
660 2143 793 2210 videtur
807 2147 993 2213 secundum
1011 2145 1075 2212 im-

53 2234 188 2319 perium
210 2233 399 2311 voluntatis,
423 2233 478 2299 cui
500 2232 664 2300 subditur.

29 2321 100 2392 Art.
118 2324 150 2392 3.
165 2322 215 2390 Ao
237 2342 344 2406 corpus
366 2323 531 2406 ptoriosom
549 2325 717 2390 necessario
749 2320 889 2391 videatur
910 2343 930 2390 o
951 2341 1077 2407 corporo

51 2432 118 2482 ooo
140 2413 284 2498 plotium.
309 2413 343 2496 d.
367 2411 449 2492 Non,
471 2413 529 2478 sed
552 2416 589 2476 ut
611 2412 723 2478 anima
737 2412 881 2481 volucrit
896 2416 958 2480 sub
975 2414 1075 2479 cuius

52 2507 217 2590 potestate
238 2505 295 2580 est,
319 2501 404 2568 sicut
421 2519 540 2585 corpus
563 2500 681 2568 Christi
705 2506 778 2586 post
799 2502 1077 2570 resurrectionem

51 2613 126 2661 non
150 2589 332 2658 necessario
356 2590 543 2658 videbatur.

51 2681 227 2750 *Claritas
249 2681 285 2747 in
312 2697 449 2762 corpore
483 2677 622 2766 glorioso
657 2678 723 2746 erit
749 2680 908 2748 obediens
942 2680 1076 2764 animas,

50 2791 130 2860 quae
154 2775 260 2856 potest
282 2768 448 2849 occultari,
472 2774 505 2835 et
527 2769 657 2837 ostendi
681 2772 815 2854 quando
838 2771 922 2848 vult,
939 2777 978 2836 ut
1001 2790 1076 2837 mu·

50 2867 114 2941 tet,
137 2862 190 2927 vel
214 2879 283 2927 non
306 2862 411 2926 mutet
436 2859 554 2940 visum,
578 2878 647 2926 non
670 2864 782 2927 nmen
817 2863 924 2946 potest
945 2864 1076 2928 mutare

49 2952 275 3039 quantitatem
290 2948 448 3034 corporis.

267 3085 271 3096 ’
376 3125 555 3214 Qomsno
579 3125 737 3200 lxxxo.

85 3314 183 3381 De
207 3309 657 3378 conditionibus
683 3323 1018 3392 corporum

73 3402 508 3469 damnatorum
552 3404 1034 3484 resurgentium.

21 3582 99 3654 Art.
124 3579 155 3648 l.
179 3577 229 3648 lo
252 3595 380 3666 corporo
400 3575 613 3647 domnotorom
638 3597 708 3648 com
739 3581 814 3646 sois¹
836 3562 1079 3665 deformitatibus

44 3677 228 3758 rmorpcot.
254 3673 290 3756 d.
325 3670 506 3756 Resurgent
544 3669 673 3754 integra
707 3671 817 3756 quoad
851 3673 1013 3754 membra,
1045 3674 1079 3738 ct
