2636 4202
274 89 317 158 lo
586 105 631 155 ax
655 103 770 158 annm
794 102 912 158 onnon

597 313 777 396 QUAESTIO
800 313 900 385 XLIV.

215 547 217 554 ι
246 471 787 590 ΒοῬιεοοθςειοηθ
812 502 1256 566 ereaturarum

274 609 309 660 a
332 593 479 671 Deo,
505 595 569 657 et
592 589 671 655 de
696 591 967 684 omnium
988 589 1230 660 entium

535 682 737 762 prima
762 695 965 746 eausa.

228 861 296 930 Art.
321 860 351 929 l.
374 859 424 929 Ao
445 862 491 927 rit
510 860 712 926 neeessariam
733 877 821 924 omne
843 877 896 924 eos
919 876 979 924 orae
1003 865 1136 926 ercalom
1159 859 1275 926 o·Deo.

182 1020 185 1024 ,
250 973 282 1030 a.
311 951 379 1028 Sie,
412 949 496 1034 quia·
525 969 594 1016 non
628 953 707 1014 sunl
734 965 832 1014 soum
861 966 930 1014 osse
957 950 993 1012 ut
1016 951 1065 1016 est
1087 946 1190 1026 Deos,
1216 948 1276 1014 sed

251 1040 451 1125 participant
473 1057 541 1104 eese
565 1059 583 1104 a
606 1038 685 1104 Deo.

228 1129 295 1199 Art.
320 1130 352 1198 2.
374 1127 424 1196 ,lo
445 1129 575 1196 monnio
595 1131 697 1212 primo
719 1129 763 1194 eii
783 1134 885 1196 cronio
907 1147 927 1193 o
948 1127 1023 1194 Deo.
1045 1127 1082 1212 ii.
1106 1127 1169 1208 Sio,
1193 1125 1276 1212 quia

252 1224 301 1286 esi
323 1239 383 1285 ens
406 1222 440 1284 ει
467 1237 526 1303 per
555 1217 800 1286 emanationem
830 1238 848 1284 a
878 1215 1042 1301 pninoioio
1072 1215 1275 1296 universali,

251 1313 289 1375 ei.
307 1311 440 1375 oreaior
463 1327 532 1374 noo
551 1307 800 1384 oiaotusesed
822 1309 861 1372 oi
884 1325 959 1389 pare
982 1306 1164 1389 oompositi.
1308 1333 1309 1336 ¹

228 1398 296 1467 Art.
328 1399 358 1465 3.
393 1395 443 1465 Aa
478 1417 568 1464 cooao
601 1397 782 1481 exemplario
816 1399 860 1466 rii
890 1395 1009 1480 aliquid
1041 1403 1132 1466 awo
1160 1397 1274 1467 lirom.

252 1491 288 1574 ii.
312 1488 393 1567 Non,
417 1485 504 1573 qnia·
518 1487 601 1554 ideae
624 1486 767 1576 suntin
785 1485 863 1565 Deo,
878 1487 936 1554 sed
955 1485 992 1554 in
1007 1485 1168 1557 erealuris
1190 1489 1276 1554 enni

251 1579 405 1662 numam
428 1577 638 1662 exemplaria.

228 1667 297 1736 Ari.
321 1666 352 1734 l.
376 1665 425 1734 Ao
447 1667 529 1734 Deos
552 1669 596 1734 eii
616 1686 706 1734 conso
728 1667 833 1751 finalis
856 1685 969 1734 reram.
1000 1667 1035 1752 ri.
1064 1665 1186 1734 Divina
1214 1669 1276 1734 bo·

251 1756 337 1824 niiao
372 1759 421 1823 est
453 1757 530 1824 linis
565 1759 715 1846 omninm
749 1775 863 1822 rerum
894 1777 913 1822 a
940 1773 1005 1841 qna
1027 1757 1276 1826 communicata

251 1850 301 1914 εει
324 1846 481 1932 persentio
509 1851 687 1927 oreaturae3
714 1845 826 1913 omnia
852 1849 1015 1930 appetunt
1040 1844 1163 1926 Deum,
1193 1846 1277 1931 qnia

165 1948 168 1952 ’
251 1941 413 2021 appetuni
449 1935 582 2022 aliquod
616 1939 759 2014 bonum,
787 1937 877 2020 qnod
906 1934 955 2002 eei
978 1935 1184 2020 participatio
1215 1936 1277 2004 Dei

164 2026 169 2040 '
251 2046 451 2112 quoeunque
473 2027 636 2111 appetilo3
654 2027 739 2092 Deus
755 2029 803 2091 esi
818 2045 915 2093 nausa
931 2025 1048 2106 linaiis,
1063 2029 1097 2092 ei
1111 2025 1275 2096 ellioiens.

424 2189 426 2204 “
531 2288 532 2292 Ν
606 2201 783 2289 oonsno
806 2204 895 2273 xiv.

385 2388 477 2452 De
500 2385 680 2453 modo
708 2389 1111 2456 emanationis

322 2489 540 2542 rerum
565 2492 599 2540 a
622 2477 824 2556 primo
848 2479 1171 2560 principio,

378 2575 384 2582 ·
452 2568 585 2632 sive
607 2565 684 2630 de
710 2569 1044 2634 creatione.

228 2740 295 2810 Ari.
321 2742 351 2810 l.
375 2740 424 2809 Ao
446 2762 548 2810 oreore
571 2746 614 2816 o't
635 2763 673 2810 en
696 2745 795 2810 oiiilo
817 2747 926 2827 socero.
952 2747 986 2826 ii.
1007 2745 1070 2829 Sio,
1085 2743 1163 2830 qnia
1179 2763 1275 2812 erea-

251 2833 296 2899 lio
319 2834 368 2985 elsi
389 2833 489 2899 lolius
513 2833 598 2899 entis
621 2853 639 2898 a
663 2835 771 2917 primo
795 2840 930 2919 agento:
956 2837 989 2920 ly
1005 2855 1054 2913 ea,
1074 2835 1108 2903 io
1124 2841 1183 2912 esi,
1202 2855 1274 2902 non

250 2942 289 2986 ex
314 2941 434 3006 eiquo.

228 3011 296 3078 Art.
319 3012 351 3078 ἢ.
374 3011 422 3078 Ao
445 3014 529 3080 neor
548 3016 647 3096 persii
667 3014 785 3097 aliquid
806 3033 919 3086 errore.
949 3017 985 3099 ii.
1015 3015 1082 3092 Sie,
1110 3013 1189 3098 quia
1222 3020 1274 3082 est

250 3120 346 3167 eausa
370 3103 468 3168 lolius
492 3103 589 3183 eniis;
615 3124 694 3188 ergo
718 3123 759 3169 ex
783 3104 896 3170 nihilo.
921 3105 985 3174 Sed
1008 3105 1044 3172 in
1059 3103 1275 3172 emanatione

250 3209 355 3257 eausae
379 3192 596 3274 particularis,
619 3213 660 3260 ex
684 3193 788 3258 nihilo
812 3193 895 3260 nihii
918 3197 974 3273 lii,
997 3200 1031 3262 ei
1052 3192 1176 3260 orontio
1200 3214 1273 3260 non

248 3284 298 3345 εει
320 3281 459 3348 motatio
481 3281 625 3366 proprie,
649 3285 682 3348 ei
705 3282 762 3350 ubi
786 3300 855 3348 non
879 3289 928 3350 est
951 3287 1076 3364 moins,
1099 3289 1149 3352 eei
1170 3282 1275 3352 simul

250 3369 341 3448 lieri,
368 3376 401 3436 et
428 3371 551 3438 loeium
581 3389 664 3451 esse,
693 3375 726 3438 el
754 3371 843 3437 inler
873 3373 956 3440 nihil
985 3378 1019 3440 ει
1044 3391 1104 3440 ene
1127 3391 1196 3442 non
1223 3378 1274 3440 esi

250 3458 422 3527 infinitum
444 3461 605 3528 medium.

227 3547 295 3618 Ari.
319 3549 351 3618 3.
373 3548 423 3618 Ao
445 3553 559 3618 aeolio
581 3553 625 3617 sii
645 3550 764 3636 aliquid
784 3553 820 3617 io
842 3559 994 3622 neotoro.
1026 3553 1062 3638 ri.
1091 3551 1160 3632 Sia,
1181 3552 1273 3620 aient

249 3641 418 3724 generatio
441 3639 476 3709 in
500 3641 628 3728 genito,
659 3644 694 3707 ει
714 3643 763 3709 esi
786 3641 901 3711 ralatio
924 3645 966 3712 ad
990 3644 1173 3712 creatorem
1198 3661 1273 3712 rea-

1145 3885 1153 3930 l
