2614 4190
290 169 358 252 466
546 192 593 250 cx
617 191 784 252 saccum
807 189 984 252 secanam

243 314 312 386 Art.
336 315 368 384 7.
390 313 441 384 Au
462 315 581 398 affectas
605 301 746 401 baptismi
766 318 811 382 sit
829 317 960 401 aperitio
979 317 1092 384 icuuoc
1114 318 1209 400 rapui
1222 335 1276 382 ccc-

266 408 360 474 icstis.
385 407 420 490 ιι
443 404 505 484 Sic,
518 407 602 472 idest
617 408 807 474 removetur
823 406 1099 493 impedimentum
1115 406 1275 482 introitus,

265 496 323 582 qui
347 496 416 562 uon
440 500 489 561 est
511 496 574 561 nisi
598 497 695 578 eulpa
718 499 752 562 et
774 516 889 603 poena.
938 511 939 519 ¹

242 583 311 654 Art.
328 585 360 652 8.
375 585 425 653 Aa
437 585 600 670 baptismus
611 586 762 653 toicatm
773 605 856 653 cmm
858 587 1072 670 usacquaicm
1084 587 1264 668 albatum
1248 606 1276 668 a

265 675 414 754 Effectus,
438 675 495 761 qui
518 681 567 741 est
589 695 648 760 per
669 695 704 742 se
727 676 890 759 baptismi,
914 677 998 742 idest
1013 694 1223 762 regenerare,
1236 681 1277 740 est

264 763 409 850 aequalis
431 764 467 830 in
491 762 645 833 omnibus
667 765 848 851 aequaliter
869 764 1043 850 dispositis,
1062 769 1101 830 nt
1124 765 1158 830 in
1177 764 1278 830 omni·

263 855 325 922 bus
348 853 515 939 parvulis3
537 854 595 920 sed
617 854 652 919 in
676 853 806 934 adultis,
829 855 887 940 qui
910 854 1131 922 diversimode
1147 855 1277 939 propria

262 943 476 1028 dispositione
497 943 732 1026 disponuntur,
756 963 825 1011 non
847 944 904 1012 sie.
932 944 1013 1012 Item
1042 945 1179 1010 effectus
1215 963 1276 1010 non

261 1051 385 1117 perse,
409 1037 447 1100 ut
469 1037 517 1099 est
539 1030 660 1100 sanitas
681 1033 838 1118 corporis,
862 1033 1068 1120 inaequaliter
1082 1033 1278 1138 participan-

261 1125 319 1189 tur
342 1123 526 1190 secundum
551 1121 610 1188 Dei
633 1124 899 1212 providentiam,
924 1125 1001 1190 lieet
1029 1122 1183 1191 homines
1215 1123 1278 1188 sint

260 1214 442 1298 aequaliter
464 1211 624 1296 dispositi.

236 1298 309 1370 'Art
332 1303 364 1372 9.
386 1300 437 1371 Au
458 1305 543 1388 fictio
565 1301 712 1387 impediat
731 1307 865 1388 etfaciam
889 1303 1040 1390 baptismi.
1057 1305 1092 1390 ιι.
1116 1302 1180 1373 Sic.
1204 1302 1277 1390 quia

259 1411 329 1460 non
352 1395 402 1546 cist
424 1391 579 1477 requisita
602 1392 775 1476 voluntas,
799 1396 933 1481 quando
963 1399 1012 1461 est
1035 1411 1111 1461 eum
1145 1397 1278 1478 peceato

259 1482 392 1548 mortni

236 1569 319 1640 Art.
330 1571 383 1640 10.
417 1570 471 1639 Aa
494 1571 647 1641 recedente
668 1576 793 1659 marcac
816 1571 958 1659 baptismi
979 1580 1183 1659 consequatur
1216 1573 1279 1656 elic·

257 1668 340 1729 ctum
361 1680 458 1732 suum.
482 1665 520 1752 ιι.
544 1663 607 1743 Sic,
630 1664 708 1749 quia
726 1668 919 1732 removetur
934 1665 1114 1752 prohibens
1130 1684 1192 1750 per
1204 1684 1278 1750 poe·

257 1751 453 1833 nitentiam;
476 1756 511 1820 et
533 1713 713 1840 baptismus
742 1775 811 1823 non
834 1758 905 1824 erat
933 1757 1100 1836 mortuus,
1136 1754 1229 1820 sed
1219 1774 1278 1820 rm·

234 1841 398 1928 peditus.

609 2020 787 2108 Qamsrlo
811 2021 901 2092 LXX.

445 2206 539 2275 De
565 2205 1060 2289 circumcisione,

288 2307 444 2383 quae
466 2300 816 2380 praecessit
838 2301 1223 2384 baptismum.

228 2475 299 2550 'Art
323 2480 355 2548 i.
376 2479 427 2548 Aa
448 2475 638 2546 circumcisio
660 2426 759 2559 aare
775 2480 1011 2563 praeparatoria
1027 2485 1060 2546 et
1077 2445 1300 2566 practicam-i

253 2575 318 2640 tica
340 2571 491 2655 baptismi
517 2569 551 2650 ιι.
574 2565 637 2644 Sic,
660 2566 739 2650 quia
760 2569 872 2633 erat
846 2588 978 2654 signum
996 2567 1073 2635 fidei
1088 2585 1269 2653 aggregans

250 2660 402 2729 homines
425 2652 672 2742 congregationi
694 2655 852 2738 fidetium,
876 2660 910 2725 et
932 2660 1002 2726 erat
1013 2661 1271 2724 sacramentum

251 2751 375 2818 Mare
397 2749 539 2815 rubrum
561 2745 595 2808 et
617 2743 779 2812 columna
794 2705 890 2814 erdnt
913 2749 1038 2833 figurae
1049 2745 1218 2831 baptisma
1240 2749 1271 2811 et

250 2859 321 2909 non
343 2837 605 2907 sacramentum·
627 2831 834 2902 circumcisio
855 2837 920 2902 init
949 2835 1144 2922 protestatio
1172 2835 1267 2952 fidei,
1299 2793 1300 2938 ι

249 2951 320 2998 non
342 2930 390 2996 sie
411 2925 592 3032 baptismus
615 2919 757 2991 ioannis.

224 3017 296 3090 arc.
318 3019 351 3088 2
373 3018 423 3087 Au
444 3013 634 3085 circumcisio
656 3013 963 3098 ptuitcouccaictcr
985 3019 1142 3086 instituto.
1157 3016 1193 3102 ιι.
1206 3014 1268 3094 Sic,

223 3113 294 3270 Aeli).
315 3110 525 3268 1duddiaeritus
547 3194 787 3264 circumcisionis
807 3197 909 3282 merit
926 3201 1120 3270 coaccuicm.
1145 3197 1182 3284 ιι.
1207 3194 1300 3276 Sic

224 3293 293 3450 dili).
313 3289 473 3448 puppa
442 3376 633 3447 circumcisio
647 3373 962 3487 mafmctatpratiam
979 3379 1207 3487 iustificaatcm.
1228 3373 1300 3466 ιιι

245 3469 309 3552 Sic,
331 3473 364 3538 et
386 3470 430 3536 ad
452 3485 566 3536 omnes
590 3466 723 3532 effectus
745 3487 787 3535 ex
810 3471 844 3536 ri
867 3471 1024 3554 passionis
1062 3469 1184 3539 Christi
1214 3469 1300 3546 tu

245 3560 323 3639 turi,
348 3563 381 3626 et
404 3557 538 3626 tollebat
560 3557 732 3639 peecatum
756 3558 925 3645 originale,
948 3561 1006 3628 sed
1029 3579 1097 3628 nou
1120 3557 1300 3644 impedi·

243 3652 396 3715 mentum
419 3643 571 3713 intrandi
593 3644 734 3722 eoelum,
750 3651 840 3732 quod
863 3653 935 3717 erat
945 3671 986 3720 ex
1002 3654 1096 3736 parte
1111 3655 1263 3760 naturae,

244 3737 334 3822 quod
355 3734 421 3802 iuit
442 3733 609 3802 sublatum
633 3734 784 3817 passione
806 3735 937 3806 christi.
1109 3751 1113 3760 ’
