2608 4220
266 83 335 156 560
576 99 911 154 nxsueermueueo

560 307 744 395 Qumsuo
767 307 914 377 oxxxn.

277 495 367 558 De
392 489 842 557 concinionibus
866 507 1206 571 corporum

333 584 650 645 beator-um
678 583 1151 660 resurgentium.

218 755 287 825 Art.
311 759 342 827 l.
365 757 414 824 Ae
436 775 563 841 corporo
585 764 760 826 sonetorom
788 767 859 840 post
888 760 1141 824 resurrectionem
1171 764 1260 823 eruat

243 847 453 931 impossibilia.
479 850 513 927 d.
536 846 598 926 Sic,
621 847 698 931 quia
722 849 872 930 quamvis
894 849 930 912 in
954 847 999 912 eia
1014 846 1082 912 sint
1096 848 1258 913 elementa

216 934 317 1003 'eum
342 935 553 1023 qualitatibus
577 935 774 1002 habentibus
803 936 968 1002 actionem
1001 939 1034 1001 et
1065 937 1257 1018 passionem,

241 1027 392 1111 sedquia
416 1024 577 1110 quidquid
602 1024 637 1089 in
660 1025 707 1088 eis
722 1029 770 1090 est
786 1024 1037 1091 elementarium
1049 1025 1258 1110 qualitatum,

243 1115 306 1181 erit
331 1117 472 1198 perfecte
494 1115 678 1181 subiectum
703 1116 832 1181 animae
856 1113 1023 1193 rationali,
1054 1121 1087 1180 et
1119 1115 1169 1180 sie
1194 1133 1258 1179 non

244 1209 350 1288 potest
373 1223 441 1270 esse
453 1204 591 1272 mutatio
603 1207 718 1270 eontra
734 1203 980 1286 dispositionem
997 1223 1063 1288 qua
1080 1203 1258 1286 pertieiun·

243 1297 299 1358 tur
322 1297 364 1359 ab
387 1293 506 1359 anima.
531 1291 587 1371 lta,
611 1296 649 1358 ut
673 1294 819 1376 potentia
833 1308 836 1318 ·
852 1293 939 1359 illius
969 1292 1123 1359 materiae
1158 1293 1204 1360 sit
1226 1291 1260 1356 li·

242 1387 317 1465 gata
339 1382 464 1466 virtute
486 1381 626 1448 animae.

144 1497 147 1502 ¹
243 1471 255 1496 ⁶
278 1470 448 1538 Cicatrices
472 1471 506 1537 in
530 1472 651 1537 sanatis
666 1475 767 1538 erunt
783 1491 849 1538 non
863 1474 899 1537 ut
916 1470 1099 1555 important
1115 1471 1258 1557 aliquem

243 1561 418 1640 detectum,
442 1562 500 1627 sed
523 1565 561 1626 ut
582 1561 676 1646 signa
698 1561 980 1628 constantissimae
1004 1560 1147 1626 virtutis.

220 1649 287 1718 Art.
311 1650 342 1715 2.
366 1651 415 1718 An
439 1649 668 1736 impossibilitas
689 1653 725 1717 in
748 1651 885 1717 omnibus
904 1652 968 1716 erit
986 1651 1130 1734 aequetis.
1145 1652 1183 1734 oi.
1202 1651 1258 1716 lm·

242 1740 446 1824 passibilitas,
470 1745 507 1806 ut
529 1741 610 1806 dicit
633 1741 854 1824 negationem,
878 1741 931 1805 vel
945 1739 1177 1822 privationem,
1198 1740 1258 1805 erit

242 1828 386 1912 aequalis,
409 1830 467 1895 sed
489 1829 673 1894 seeundum
708 1829 894 1896 dominium
929 1827 1060 1907 animae,
1093 1849 1162 1895 non
1199 1831 1259 1896 erit

243 1918 386 2002 aequalis,
410 1918 487 2003 quia
511 1921 559 1983 est
581 1919 748 2003 quoddam
783 1919 955 2001 proemium
986 1920 1101 1984 datum
1132 1920 1257 1985 ratione

243 2008 453 2074 meritorum:
476 2008 534 2074 sed
557 2008 591 2073 in
617 2008 708 2074 nullo
736 2009 800 2074 erit
833 2007 1042 2092 passibilitas,
1077 2007 1155 2092 quia
1192 2027 1257 2075 noo

242 2097 306 2162 erit
328 2096 432 2163 maior
455 2117 515 2179 per
530 2115 695 2164 recessum
712 2098 924 2176 audouario,
946 2098 1004 2164 sed
1018 2116 1077 2182 per
1091 2115 1257 2164 aeeeasum
1289 2171 1290 2178 ἵ

242 2187 283 2252 ad
308 2187 498 2253 terminum.

220 2273 290 2342 Art.
315 2275 346 2343 3.
368 2274 419 2344 Au
442 2276 669 2359 impossibilitas
692 2276 835 2344 oeelndot
853 2294 971 2343 sensam
994 2278 1029 2342 io
1051 2284 1122 2344 uoto
1148 2296 1171 2343 n
1194 2295 1257 2344 eor·

239 2365 364 2448 potitos
385 2367 538 2449 ptorion'a
563 2368 598 2450 ri.
621 2367 702 2443 Non,
719 2367 795 2452 quia
818 2367 973 2444 sentient,
989 2371 1023 2432 et
1040 2367 1167 2433 videbit
1184 2384 1257 2434 eum

242 2455 350 2522 omnis
372 2457 495 2532 oculus,
511 2461 545 2520 et
567 2457 753 2521 immutatio
775 2474 850 2539 quae
872 2458 928 2520 tiet
950 2474 969 2518 a
991 2455 1135 2521 sensibili
1152 2456 1190 2522 in
1206 2475 1258 2538 pe

243 2543 357 2622 tentia,
381 2564 414 2610 v.
437 2565 468 2629 g.
492 2545 596 2623 oeulo,
622 2540 689 2610 nun
713 2545 776 2609 erit
800 2544 967 2621 naturalis,
991 2545 1046 2622 sie,
1081 2550 1119 2609 ut
1141 2547 1256 2611 eaden
1288 2528 1289 2610 i

242 2634 400 2716 qualitate
422 2637 580 2712 mutetur,
602 2635 688 2699 sieut
709 2634 844 2718 quando
860 2653 975 2699 manus
989 2634 1096 2717 tangit
1111 2633 1256 2700 calidum

243 2724 281 2788 tit
303 2723 418 2802 calida,
440 2725 498 2788 sed
521 2742 580 2806 per
602 2723 791 2807 qualitatem
821 2721 1008 2788 sensibilem
1042 2723 1256 2805 spiritualem,
1287 2733 1288 2740 ’

243 2829 275 2874 v.
300 2832 330 2895 g.
354 2812 488 2896 quando
513 2813 670 2894 recipitur
680 2811 812 2896 speeies,
835 2818 868 2876 et
884 2831 952 2878 non
967 2812 1113 2898 qualitas,
1129 2817 1169 2877 ut
1184 2831 1256 2879 eum

243 2901 356 2966 oeulos
379 2901 470 2966 videt
485 2902 682 2979 albedinem,
698 2908 731 2967 et
754 2920 822 2967 non
846 2901 990 2968 ettieitur
1012 2902 1115 2968 albus.

243 2989 256 3013 ‘
278 2988 438 3056 Potentiae
460 2992 495 3057 in
518 2991 639 3058 sanetis
661 2997 761 3056 erunt
783 2989 1036 3074 perfectissimae,
1059 2995 1092 3057 et
1114 3009 1186 3057 una
1205 3011 1257 3078 po

243 3077 321 3144 terit
344 3079 474 3146 intense
496 3081 626 3165 operari
648 3080 721 3147 aine
754 3079 991 3163 impedimento
1014 3080 1147 3147 alterius
1184 3101 1257 3166 ope

244 3167 390 3246 rationis,
413 3174 448 3234 et
471 3169 517 3235 sie
539 3170 623 3236 dum
649 3169 754 3236 Mum
781 3169 1065 3255 contemplantur,
1100 3172 1256 3254 poterunt

242 3257 322 3324 alias
345 3257 552 3341 operationes
573 3277 737 3324 exercere.

220 3345 289 3415 Art.
312 3344 345 3414 l.
368 3348 419 3415 Ae
442 3349 478 3414 tn
501 3348 594 3414 beotia
616 3355 685 3430 post
702 3350 952 3414 resurrectionem
973 3350 1041 3413 sint
1070 3355 1172 3414 omnes
1195 3370 1255 3417 seo·

245 3455 296 3504 aaa
319 3439 354 3503 tn
375 3445 456 3503 oete.
482 3438 518 3521 ri.
541 3437 602 3514 Sia,
627 3437 791 3520 excipitur
814 3443 936 3521 gustus,
960 3437 1017 3521 qui
1041 3437 1256 3504 deservituu·

247 3525 379 3604 tritivae,
403 3525 466 3591 nisi
490 3528 573 3591 torta
597 3545 656 3607 per
672 3525 935 3592 immutationem
954 3526 1076 3610 lingue
1091 3527 1133 3592 ab
1149 3527 1254 3612 aliqua

244 3614 450 3693 humiditate,
474 3616 551 3696 quia
575 3634 693 3697 corpus
715 3616 813 3681 debet
837 3613 1012 3699 praemiari,
1035 3634 1114 3700 ergo
1143 3636 1254 3684 ornnes

244 3719 373 3780 sensus,
390 3701 488 3767 etiam
511 3703 553 3767 de
575 3703 709 3769 obiectis
731 3722 897 3784 sensuum,
922 3703 999 3770 vide
1021 3704 1086 3774 ibi,
