2632 4212
473 109 547 176 inm
572 105 718 177 orionas.
904 205 912 215 ι
1004 95 1068 178 lle

64 201 117 209 .—

89 253 107 284 ἡ

128 253 241 340 finitus
262 253 453 344 comparata
481 262 524 328 ad
547 262 710 330 rationem
739 263 839 330 habet
868 260 1030 329 rationem
1054 283 1111 328 cx·

88 343 205 426 tremi,
234 347 293 414 seri
320 349 364 416 ad
386 351 616 434 operatione&
639 356 674 418 ει
696 353 861 438 passiones
884 353 983 419 habet
1012 351 1112 419 ratio·

87 450 169 503 nam
192 437 305 518 medii,
329 441 420 523 qnod
443 442 671 510 consideratur
693 443 877 510 secundum
894 441 1112 509 circumstan·
1186 455 1190 464 ·

87 526 161 606 lias,
186 527 282 594 utin
307 531 562 615 magnificentia,
587 533 870 618 magnanimitate.

62 613 133 683 iirl.
157 616 190 684 2.
213 609 263 685 rin
285 618 416 687 meten
439 625 564 690 eirtntla
586 625 713 690 morolio
741 626 785 689 sit
811 621 941 689 medinm
969 623 1035 703 rei,
1065 622 1112 689 nel

85 709 234 796 rollonis.
260 710 294 793 ri.
317 707 389 776 Non
413 712 561 791 rationis,
585 715 661 798 quia
680 713 786 780 virtus
802 713 935 778 moralis
950 731 1019 777 non
1036 729 1112 794 per·

89 797 160 862 licit
184 802 295 865 actum
318 799 470 882 rationis,
498 803 556 868 sed
578 803 752 888 appetitus,
779 801 841 867 nisi
863 801 1054 878 causaliter,
1077 801 1112 866 id

86 891 153 966 est,
179 905 241 972 per
262 890 527 958 conformitatem
551 893 594 958 ad
617 893 792 959 rationem.
816 891 895 957 ltcm
926 890 962 956 in
982 888 1111 975 justitia

86 980 136 1041 εει
159 977 310 1044 medinm
335 980 393 1060 rei,
418 986 450 1046 ει
473 982 620 1048 rationis.
644 983 724 1048 llem
748 982 783 1048 in
807 980 988 1047 virtutibus
1004 979 1040 1045 in
1056 995 1112 1061 ap·

88 1066 197 1148 petitu
220 1065 378 1134 sensitiva
403 1089 471 1138 non
495 1075 543 1137 est
566 1073 713 1138 medium
737 1072 796 1152 rei,
818 1071 876 1135 sed
900 1068 1048 1134 rationis.

63 1153 134 1224 Art.
166 1155 199 1224 8.
235 1156 285 1224 An
317 1160 447 1227 nirtntce
481 1162 700 1229 intellectuales
733 1162 902 1229 consistant
935 1162 970 1225 io
1004 1156 1111 1225 medio.

91 1248 126 1330 ri.
161 1246 396 1315 Intellectualis
430 1252 630 1333 speculativa
665 1255 713 1318 est
746 1252 781 1318 in
818 1249 927 1316 medio
962 1249 1004 1314 ad
1039 1265 1110 1312 rem

88 1334 205 1420 ipsam,
230 1336 265 1403 id
289 1343 347 1418 εει,
371 1341 641 1424 cognoscerem,
666 1345 704 1407 ut
727 1344 786 1419 est,
804 1339 856 1406 vel
874 1341 1017 1416 nonest,
1034 1335 1110 1420 qnia

87 1427 257 1511 objectum
280 1428 414 1494 virtutis
437 1434 485 1496 est
509 1431 645 1511 borram,
670 1431 760 1516 quod
783 1433 832 1496 est
855 1429 890 1494 in
915 1445 1006 1495 vero.
1030 1425 1134 1491 item

89 1516 245 1598 practica
267 1519 411 1584 suntad
434 1539 516 1588 rem·
529 1521 780 1588 rationabiliter.

64 1602 132 1673 Art.
158 1604 191 1672 ι.
214 1603 264 1676 Ao
287 1609 416 1675 eiltntes
444 1611 625 1696 ilceoleelce
648 1613 819 1678 consistent
839 1611 875 1675 in
896 1606 1004 1674 medic.
1021 1605 1055 1690 ri.
1072 1603 1108 1670 ln

86 1695 209 1764 ordine
232 1697 275 1762 ad
297 1715 391 1764 snam
415 1702 561 1786 regulam
586 1703 752 1768 infinitam
779 1702 813 1765 ct
835 1700 1016 1764 increatam
1040 1713 1108 1760 non
1207 1741 1209 1748 -

88 1787 215 1852 habent
245 1787 409 1867 medinm,
439 1791 517 1875 qnia
546 1792 580 1855 in
605 1791 672 1856 Deo
696 1811 763 1856 non
788 1793 837 1854 est
859 1803 1024 1862 excessus,
1049 1802 1110 1849 nec

87 1871 177 1942 Dens
199 1878 308 1959 petest
330 1875 421 1962 diligi
446 1886 609 1964 qnantum
633 1883 742 1960 dehet,
766 1878 813 1944 sic
828 1895 973 1960 sperare,
990 1877 1022 1938 et
1037 1890 1110 1937 cre-

87 1965 180 2042 dere,
203 1968 261 2032 sed
284 1965 320 2032 in
344 1967 461 2034 ordine
484 1970 526 2035 ad
551 1987 610 2034 nos
633 1971 757 2036 habent
781 1967 938 2044 medinm,
962 1981 1028 2047 quo
1051 1962 1109 2027 de-

89 2057 206 2120 bemus
240 2055 319 2122 lerri
354 2057 389 2123 in
423 2057 528 2124 Deum
558 2060 740 2125 secundum
771 2073 960 2122 mensnram
990 2055 1110 2118 nostrae

86 2143 303 2211 conditionis.
621 2153 622 2156 ’

442 2327 621 2411 QUAESTIO
651 2327 736 2394 LXV.

172 2507 263 2571 De
289 2511 665 2575 connexione
690 2511 1009 2576 virtutum.

66 2683 132 2750 Art.
157 2680 192 2750 1.
216 2683 266 2752 An
279 2688 409 2754 victites
423 2689 553 2754 morales
568 2691 633 2755 sint
647 2687 815 2756 adinvicem
827 2701 980 2753 connecto.
998 2680 1033 2784 ri.
1050 2677 1111 2744 lm·

87 2775 255 2856 perfectae,
279 2775 314 2844 id
337 2782 395 2858 est,
419 2778 651 2844 inclinationes
673 2781 743 2845 sive
766 2797 807 2844 ex
832 2778 961 2853 natura,
984 2787 1054 2835 srvc
1069 2787 1110 2834 ex

85 2865 336 2932 cons'netudine
369 2869 411 2934 ad
441 2868 574 2953 aliquod
603 2886 685 2952 opos
711 2869 747 2934 in
764 2883 898 2952 genere
927 2866 1111 2964 honorum,

76 2960 158 3019 nnn
183 2957 265 3020 sant
286 2969 462 3037 connexae,
485 2959 543 3038 aad
567 2960 736 3042 perfecta,
761 2956 795 3022 id
818 2955 880 3033 est,
905 2951 1036 3018 habitus
1060 2969 1111 3014 m·

86 3043 252 3109 clinanles
288 3046 331 3110 ad
359 3048 484 3113 bonurn
516 3067 598 3132 opus
627 3051 713 3115 bene
741 3046 907 3130 agendum
930 3045 1009 3108 sunt
1032 3059 1112 3105 con·

87 3148 196 3212 nexae,
220 3133 299 3218 qnia'
322 3153 437 3203 omnes
460 3141 609 3222 pendent
632 3157 650 3202 a
674 3135 864 3220 prudentia,
888 3137 920 3199 et
944 3135 1015 3198 haee
1036 3128 1110 3194 sine

87 3222 161 3287 aliis
184 3240 254 3288 esse
277 3242 346 3290 non
371 3229 475 3310 potest
499 3227 562 3294 nisi
584 3227 785 3310 imperfecte.

89 3309 103 3338 *
126 3310 223 3377 [lune
245 3311 352 3397 polest
374 3327 442 3380 εεεε
466 3318 612 3400 prudens
635 3317 670 3382 in
694 3333 761 3382 nna
785 3317 865 3392 arla,
891 3322 958 3379 non
983 3309 1018 3374 in
1038 3308 1111 3385 alia,

90 3403 244 3486 sednon
267 3407 374 3488 potest
402 3423 470 3471 esse
492 3407 640 3488 prudens
663 3406 697 3470 in
723 3423 790 3470 nna
813 3403 955 3480 virtute,
984 3399 1018 3463 el
1041 3415 1110 3501 non

89 3491 124 3558 ln
153 3489 230 3557 alia.
260 3492 342 3559 item
371 3494 604 3574 intellectuaies
634 3513 702 3561 non
731 3499 811 3560 sunt
834 3509 1008 3568 connexae,
1034 3505 1111 3570 ana

6 3611 7 3614 ¹
88 3599 151 3648 nec
176 3581 325 3649 maleriae
347 3602 472 3651 earnm.
797 3623 801 3632 ·
1052 3665 1055 3672 ,
1157 3651 1160 3656 .

69 3669 131 3740 Art.
156 3667 188 3740 2.
216 3670 266 3740 An
292 3674 421 3742 etrtntes
450 3677 579 3743 necolee
606 3678 727 3760 possint
758 3690 818 3742 esee
846 3674 913 3738 sint
944 3669 1108 3738 ctoritate.
