2614 4190
274 131 339 200 tet
532 145 579 198 ex
599 144 770 202 ancones
793 145 972 200 snconnm

251 267 264 294 *
293 266 346 336 vis
368 264 583 333 consecrandi
608 283 677 332 non
700 265 806 332 solum
830 262 979 331 consistit
1000 265 1037 331 in
1060 265 1187 347 verbis
1210 268 1267 334 sed

253 358 353 425 etiam
376 357 412 423 in
435 356 595 441 potestate
618 354 738 422 tradita
762 354 798 421 in
821 354 1078 423 consecratione.

229 447 297 518 Art.
321 446 355 514 2.
376 445 427 514 Ao
445 446 550 530 plores
578 445 744 526 sacerdotes
779 447 900 530 possiet
934 464 1039 528 cotom,
1069 452 1101 512 et
1139 447 1266 514 condem

251 540 382 607 tosttcm
404 554 587 604 comccrcrc.
613 538 648 620 rt.
672 535 742 614 Sic,
761 536 852 602 unde
875 535 1008 602 noviter
1022 535 1172 603 ordinati
1188 557 1268 604 con·

251 629 429 706 celebrant,
450 627 509 693 sed
531 625 680 693 omnium
703 625 845 692 intentio
867 625 967 692 debet
990 625 1068 692 terri
1098 627 1143 692 ad
1175 626 1267 694 idem

252 719 378 785 instans
400 716 667 799 consecrationis,
691 721 724 781 et
746 715 782 781 in
823 716 885 780 hoc
921 733 997 782 casu
1036 715 1149 800 plures
1186 721 1270 784 sunt

253 826 358 877 unum
382 807 418 873 in
442 805 580 884 Christo,
603 809 637 871 et
658 805 842 871 servandus
865 808 914 871 est
936 805 1019 872 ritus
1042 804 1206 872 Ecclesiae.

228 897 298 968 Art.
314 896 345 965 3.
369 895 418 965 Ac
440 895 623 980 dispensatio
645 897 735 963 lecim
757 897 939 962 sacrementi
969 898 1126 980 pertineat
1154 896 1194 962 ort
1217 918 1269 964 so·

255 990 317 1056 toro
339 987 531 1055 sacerdotem.
556 988 590 1070 rt.
615 985 734 1064 sicet
763 983 874 1051 nullus
903 985 1002 1053 debet
1031 989 1169 1069 tangere
1202 987 1268 1054 En-

253 1077 453 1156 charistiam,
477 1074 543 1142 nisi
565 1075 662 1142 cacat
684 1073 720 1140 in
759 1077 901 1158 terram,
940 1075 993 1142 vel
1016 1073 1080 1142 alio
1102 1095 1182 1142 casu
1205 1097 1268 1143 ne·

228 1167 414 1236 cessitatis.

229 1256 269 1314 .*
291 1257 463 1342 Dispensat
496 1255 693 1340 sanguinem
730 1253 899 1336 diaconus,
933 1257 968 1322 et
1003 1254 1040 1322 in
1072 1254 1269 1324 necessitate

227 1367 384 1433 corpus,
408 1346 543 1412 iubente
567 1345 732 1429 Episcopo,
757 1345 811 1410 vel
833 1346 1012 1413 sacerdote.
1301 1387 1302 1394 κ

230 1437 300 1508 Art.
323 1437 356 1505 4.
378 1434 428 1503 rto
449 1435 584 1504 sacerdes
606 1453 784 1502 consecrem
809 1441 947 1502 teorotm
960 1454 1077 1504 semem
1090 1453 1268 1502 socrooseo·
1301 1517 1302 1520 Ἴ

225 1556 231 1588 ·,
256 1537 330 1597 tom.
354 1529 390 1612 st.
412 1523 475 1606 Sic,
498 1526 576 1610 qnia
598 1525 782 1605 sacrificat,
805 1529 838 1590 et
861 1525 961 1594 debet
994 1544 1062 1592 esse
1100 1526 1269 1612 particeps
1301 1543 1302 1610 p

253 1615 415 1686 sacrificii.
1301 1631 1302 1650 ¹

225 1743 231 1752 ·
254 1706 325 1775 *Si
348 1707 542 1775 miraculose
564 1708 738 1789 appareret
760 1723 847 1786 caro,
871 1703 923 1771 vet
938 1704 1090 1790 'sanguis
1114 1725 1186 1774 non
1210 1706 1269 1772 de·

257 1801 314 1866 bet
335 1815 477 1877 sumere,
501 1815 564 1863 nec
587 1799 747 1881 peccaret,
770 1795 848 1879 qnia
871 1795 924 1862 lex
959 1814 1029 1862 non
1062 1795 1189 1882 obligat
1223 1797 1268 1863 ad
1301 1793 1302 1876 ᾗ

228 1889 461 1955 miraculosa.
1301 1889 1302 1958 t

233 1979 301 2050 Art.
325 1978 358 2046 5.
381 1977 430 2045 Ac
452 1976 549 2044 metros
571 1975 706 2043 sacerdos
727 1976 1013 2060 possiteocsccrcre
1026 1974 1267 2044 Ecetorists'cer.
1301 1963 1302 2048 i

258 2071 294 2153 rt.
316 2068 379 2147 Sic,
402 2067 480 2153 qnia
504 2070 541 2133 ut
564 2065 714 2132 minister
736 2065 866 2145 Christi,
888 2066 947 2132 sed
970 2085 1039 2133 non
1061 2067 1172 2145 debet,
1188 2065 1268 2152 qnia

228 2162 379 2243 peccat.

234 2247 303 2318 Art.
326 2247 358 2316 6.
381 2244 431 2315 Ac
453 2247 545 2312 misso
559 2246 635 2312 moti
648 2245 810 2314 scordotis
824 2247 926 2313 minos
940 2245 1050 2325 octect,
1068 2265 1160 2330 prom
1174 2248 1268 2314 miso

226 2373 232 2380 ·
258 2338 340 2405 boot.
363 2339 400 2427 n).
426 2335 560 2403 Ratione
583 2335 790 2416 sacramenti,
814 2353 909 2416 non;
931 2335 1060 2403 ratione
1075 2335 1264 2403 orationum

257 2448 297 2495 ex
320 2445 420 2513 opere
443 2425 610 2511 operantis
632 2426 689 2504 sic,
712 2427 770 2492 ssd
793 2427 867 2510 ptus
882 2425 973 2513 boni,
988 2426 1047 2493 sed
1062 2429 1101 2492 ut
1115 2445 1169 2492 eas
1185 2427 1267 2494 dicit

256 2518 292 2584 in
317 2535 456 2602 persona
479 2515 626 2582 Ecclesiae
649 2516 771 2581 valent.

235 2607 305 2676 Art.
330 2607 362 2676 7.
384 2604 434 2676 Ao
456 2607 613 2689 corotici,
636 2607 832 2689 schismatici,
863 2605 1117 2674 accommooc'cott
1148 2609 1271 2691 possiet

258 2715 444 2767 consecrare.
469 2697 505 2782 rt.
529 2695 677 2776 Possunt,
700 2697 758 2764 sed
782 2699 930 2781 peccant,
953 2696 1032 2781 quia
1055 2697 1181 2763 habent
1211 2717 1269 2782 po·

227 2825 231 2836 ι
259 2792 424 2869 testatem3
447 2791 619 2854 eteorum
644 2786 748 2853 oratio
772 2806 840 2854 non
865 2785 959 2854 iuvat
979 2783 1057 2873 qnia
1079 2787 1211 2870 praecisi
1226 2789 1269 2854 ab

232 2877 409 2947 Ecclesia.

235 2966 305 3038 Art.
328 2968 361 3038 8.
383 2967 434 3036 Ac
456 2965 590 3037 sacerdos
612 2966 790 3052 depredatus
809 2969 909 3052 possit
927 2966 1072 3051 conficere
1093 2985 1268 3034 sacromen-

263 3067 335 3125 tcm.
362 3060 396 3140 rt.
420 3058 539 3138 Potest,
561 3059 639 3144 qnia
662 3059 841 3144 character,
880 3057 915 3124 in
954 3075 1020 3144 quo
1043 3059 1092 3122 cst
1115 3061 1269 3144 potestas,

259 3151 309 3213 est
330 3147 523 3214 indelebilis.
1301 3215 1302 3224 ,

241 3235 310 3306 Art.
333 3237 365 3304 9.
388 3235 438 3304 Ac
462 3237 551 3304 liccat
573 3235 610 3302 ob
632 3239 899 3305 excommunicetis
921 3244 952 3303 ct
969 3237 1178 3321 peccatoribus
1191 3257 1271 3306 cem·

264 3329 431 3414 mcctcerc,
454 3335 486 3395 et
505 3330 625 3394 missam
648 3325 763 3394 ordire.
788 3329 822 3411 rt.
846 3327 927 3401 non.
949 3329 978 3393 si
1000 3331 1188 3410 peccatores
1202 3330 1271 3394 sint

268 3417 396 3500 praecisi
420 3418 463 3484 ab
491 3416 649 3494 Ecclesia,
684 3435 777 3483 secus
809 3416 902 3498 lieet,
937 3415 1014 3502 qnia
1042 3417 1151 3502 quoad
1189 3418 1269 3485 alios

265 3525 331 3572 non
356 3511 435 3572 sunt
458 3505 577 3582 privati
601 3507 658 3570 sed
681 3507 819 3572 tolerati.
844 3508 922 3573 ltem
951 3505 1119 3590 speciatim
1154 3509 1269 3590 prohi-

264 3595 520 3668 bemnraudirc
542 3595 672 3662 missam
696 3596 817 3662 notorii
841 3596 1080 3675 concubinarii,
1103 3596 1182 3681 qnia
1211 3599 1269 3664 ho-

267 3685 372 3752 minos
393 3687 473 3750 sunt
497 3684 591 3750 valde
614 3684 770 3767 propensi
792 3686 834 3751 ad
857 3703 1004 3752 carnem.
1033 3684 1116 3752 item
1144 3684 1267 3754 dicitur
