2622 4210
276 122 341 190 322
534 139 580 188 ex
604 137 770 190 sueorum
796 138 974 192 sueonum
1015 205 1016 208 Ἴ

255 277 343 362 ριῑο,
372 297 446 360 quae
473 276 581 360 aliquo
606 276 735 341 modieo
760 277 889 342 excedit
914 276 1017 354 vires,
1043 295 1111 340 non
1135 273 1287 357 opponi·

255 374 310 431 tur
335 366 607 450 magnanimitati,
632 367 689 432 sed
715 366 847 443 virtuti,
872 385 946 450 quae
970 372 1019 431 εει
1042 365 1129 432 eirea
1152 363 1287 429 modin

255 475 326 521 ores
351 459 501 521 honores.

585 633 763 719 QUAEsuo
790 635 921 701 CXXXl.

520 819 611 882 De
637 819 984 882 ambitione.

230 994 297 1062 Art.
323 995 352 1062 l.
376 993 425 1062 Aa
448 994 572 1061 ambitio
595 999 639 1060 sit
657 1002 821 1078 peccalum.
847 998 882 1081 ri.
906 994 967 1072 Sio,
992 993 1068 1078 quia
1086 992 1166 1060 dicit
1184 991 1287 1056 inor·

252 1086 402 1149 dinatum
427 1086 609 1168 appetitum
635 1087 785 1164 honoris,
814 1089 847 1150 et
877 1090 925 1148 εει
955 1083 1008 1147 vel
1038 1084 1173 1167 quando
1204 1081 1287 1165 quia

252 1174 377 1258 appetit
400 1175 624 1239 testimonium
648 1175 861 1254 excellentiae,
885 1193 984 1257 quam
1009 1193 1076 1238 non
1095 1175 1207 1246 hahet,
1226 1173 1287 1235 vel

251 1284 327 1328 oum
351 1266 511 1330 honorem
537 1284 604 1329 non
629 1266 730 1329 refert
753 1265 788 1330 in
812 1263 935 1342 Deum,
960 1263 1011 1326 vel
1037 1263 1071 1327 in
1096 1262 1287 1326 utilitatem

251 1353 401 1431 aliorum,
426 1356 482 1420 sed
506 1354 542 1417 in
566 1353 635 1436 ipso
660 1355 808 1438 quiescit.

252 1441 397 1508 *Honor
421 1449 469 1508 est
492 1445 629 1521 honum,
652 1447 709 1509 sed
733 1443 897 1527 appetitus
922 1441 1011 1519 honi,
1035 1440 1061 1504 si
1083 1460 1151 1505 non
1176 1459 1287 1522 rogu-

251 1533 339 1596 latur
373 1534 555 1598 seeundum
592 1535 771 1612 rationem,
801 1539 849 1598 εει
880 1533 1030 1609 νίιίοεεε,
1062 1535 1099 1594 ut
1124 1529 1287 1595 ambitio.

250 1621 331 1686 ltem
355 1624 463 1687 honor
485 1629 533 1686 est
557 1624 731 1705 praemium
757 1623 905 1701 virtutis;
931 1642 999 1687 uon
1017 1619 1125 1704 quoad
1144 1621 1287 1683 virtuo-

251 1730 340 1787 sum,
376 1713 432 1794 qui
462 1712 553 1776 illum
583 1714 724 1795 appetit,
753 1715 811 1778 sed
841 1713 950 1795 quoad
978 1711 1072 1787 alioS,
1096 1709 1155 1794 qui
1181 1707 1287 1772 illum

251 1802 415 1880 tribuunt.
445 1802 523 1866 ltem
560 1804 723 1884 appetitus
754 1801 887 1867 honoris
917 1800 1090 1864 ordinatus
1115 1803 1285 1880 provocat

250 1891 292 1955 ad
316 1894 451 1970 bonum,
476 1891 684 1957 inordinatus
707 1898 755 1957 εει
779 1910 875 1956 eausa
899 1890 986 1956 mali.
1011 1889 1103 1965 item,
1120 1888 1179 1971 qui
1198 1907 1283 1970 pro·

251 1982 324 2060 pter
348 1983 507 2045 honorem
533 1985 662 2047 tantum
687 1987 800 2064 agunt,
825 2001 893 2045 uon
917 1984 996 2044 sunt
1022 1977 1173 2043 virtuosi.

228 2065 296 2135 Art.
319 2069 351 2135 2.
375 2067 423 2134 Ao
454 2071 578 2136 ambitio
611 2080 780 2154 opponatur
812 2071 1063 2153 moqaoaimltoti
1091 2085 1146 2150 per
1176 2085 1281 2132 exces-

238 2177 326 2224 sum.
359 2160 393 2242 ri.
423 2159 490 2240 Sio,
518 2162 595 2245 quia
619 2161 673 2225 illa
697 2160 903 2238 inordinate,
928 2163 998 2224 haee
1021 2159 1175 2223 ordinato
1200 2157 1278 2220 vult

250 2249 421 2314 honorem.

571 2428 750 2514 QUAEsuo
773 2427 918 2497 CXXXll.

484 2612 575 2675 De
599 2612 766 2678 inani
791 2613 1002 2692 glor-la.

223 2787 291 2858 Art.
316 2789 346 2857 l.
370 2787 419 2856 Ao
442 2790 594 2872 appetitos
616 2789 723 2872 ylario
745 2792 789 2855 sit
807 2796 971 2874 peccaturo.
997 2789 1032 2872 rh.
1057 2786 1103 2852 De
1126 2805 1162 2852 se
1187 2803 1270 2862 non,

246 2878 280 2945 id
303 2885 351 2944 est
382 2880 591 2945 manifestare
625 2880 766 2962 aliquid,
798 2881 849 2945 vel
882 2878 1066 2962 corporale,
1093 2876 1145 2940 vel
1170 2874 1269 2956 spiri-

246 2971 349 3048 tuale,
381 2971 470 3050 quod
501 2971 589 3053 apud
616 2971 736 3036 multos
763 2969 914 3034 homines
937 2970 979 3034 sit
1003 2969 1164 3032 decorum
1188 2983 1267 3028 cum

246 3058 498 3141 approbatione:
529 3063 561 3123 et
593 3060 658 3124 lato
689 3061 849 3125 vooahulo
872 3059 974 3141 gloria
999 3055 1139 3134 dieitur,
1164 3054 1266 3118 etiam

245 3147 273 3211 si
302 3148 343 3212 sit
370 3147 459 3228 apud
490 3165 625 3227 paucos,
660 3151 712 3212 vel
747 3148 973 3232 semetipsum3
1008 3147 1065 3212 sed
1100 3143 1267 3229 appetitus

246 3236 371 3313 inanis,
407 3235 459 3298 vel
495 3254 589 3300 vanae
622 3238 751 3320 gloriae,
782 3244 830 3304 est
857 3243 1045 3322 peecatum,
1069 3242 1106 3300 ut
1131 3235 1267 3319 quando

245 3325 406 3409 quaeritur
430 3325 471 3388 de
494 3342 542 3402 eo,
566 3329 655 3410 quod
678 3348 746 3395 non
770 3334 828 3407 ost,
853 3331 903 3394 vel
930 3348 996 3392 non
1021 3330 1069 3392 est
1092 3323 1196 3409 gloria
1213 3323 1265 3388 di·

246 3435 360 3498 gnum,
385 3415 435 3479 vel
460 3431 500 3476 ex
524 3423 617 3496 parte
640 3420 719 3500 ejus
743 3420 832 3502 apud
855 3438 952 3503 quem
970 3416 1072 3501 gloria
1089 3414 1262 3499 quaeritur,

245 3507 280 3569 id
303 3511 361 3582 est,
384 3505 410 3568 si
434 3505 460 3568 is
485 3522 551 3568 non
575 3510 623 3570 est
647 3509 733 3572 lirmi
754 3507 888 3592 judieii:
915 3510 965 3572 vel
989 3527 1029 3572 ex
1054 3509 1147 3587 parte
1163 3521 1263 3585 appe·

246 3595 360 3674 tentis,
393 3594 428 3659 id
458 3597 520 3672 est,
547 3595 574 3660 si
598 3615 666 3662 non
690 3599 796 3666 estin
820 3597 970 3665 debitum
995 3599 1113 3676 linem,
1136 3593 1261 3660 seilicet

244 3685 287 3760 ad
310 3687 470 3754 honorem
494 3682 561 3766 Dei,
585 3691 618 3754 et
641 3689 781 3776 proximi
807 3687 991 3766 utilitatem.
