2636 4202
458 148 536 209 nnn
561 149 709 210 raonis.
1016 140 1062 212 39

81 276 211 359 gnifimt
237 279 485 346 humanitatem
516 277 551 346 in
583 278 761 362 supposito.
786 278 866 346 item
889 278 975 347 Deus
997 299 1106 366 quan·

81 367 186 452 doque
209 367 341 434 ratione
363 370 480 436 formae
501 367 703 454 signifieatae,
728 369 762 436 id
785 373 844 442 est.
867 368 1004 436 Deitatis
1026 389 1106 438 eon·

82 456 172 522 venit
192 458 361 537 essentiae,
392 463 431 526 ut
465 457 550 524 Deus
583 463 688 538 oreat;
724 457 902 544 aliquando
923 477 998 545 ,pm
1033 478 1102 528 una

80 564 226 627 persona,
250 551 288 614 ut
311 547 398 616 Deris
421 552 575 632 generum
601 549 780 633 aliqnando
803 568 864 634 pro
886 551 1036 629 duabus,
1063 555 1104 618 nt
1213 637 1215 642 ,

81 634 164 702 oen
184 637 304 721 spirat3
330 638 382 704 ret
408 657 468 722 pro
491 638 605 718 tribus,
629 644 668 705 ιιι
690 638 750 704 soti
773 638 840 706 Deo
863 640 981 708 honor.

82 725 92 748 '
114 725 237 793 Nomen
259 725 348 795 Deus
371 746 431 812 per
451 747 486 794 se
508 729 666 813 supponit
689 747 748 812 pro
772 733 892 795 natura
913 729 1098 810 eommuui,
1220 727 1221 730 '

82 817 199 884 sodex
221 817 380 900 adJuuoto
404 819 604 885 terminatur
626 820 696 902 ejus
718 819 899 904 suppositio
921 820 963 885 ad
988 835 1103 903 perso·

84 924 167 985 unm,
189 909 229 972 ut
251 905 502 992 Benagouron,
525 907 560 973 id
584 911 641 987 est,
667 906 773 989 Pater,
799 927 860 976 neo
882 913 961 976 suut
986 909 1100 991 piures

85 994 142 1060 Dii.
171 995 252 1062 item
283 998 355 1062 haee
377 997 572 1082 propositio,
595 998 691 1064 Pater
708 999 828 1084 genuit
848 1017 884 1064 so
906 998 1028 1080 neum,
1051 1002 1102 1064 est

86 1085 173 1165 iaisa,
201 1085 282 1171 quia
312 1087 456 1153 retertm
477 1089 521 1154 ad
543 1087 694 1156 divinam
717 1088 903 1155 essentiam.
927 1087 1023 1154 Pater
1046 1107 1102 1171 ge·
1220 1121 1227 1130 ·

87 1174 154 1240 nuit
175 1175 319 1243 alterum
340 1195 386 1258 se,
410 1183 458 1244 est
480 1178 678 1263 impropria,
703 1177 738 1245 id
760 1182 819 1258 est,
843 1176 995 1244 similem.
1020 1177 1101 1242 item

86 1262 166 1330 Deus
188 1265 305 1349 genuit
327 1267 443 1346 Deum,
467 1268 524 1353 qui
547 1288 616 1336 nou
640 1272 690 1334 est
711 1267 798 1335 Deus
822 1267 927 1346 Pater,
946 1270 995 1334 ost
1012 1284 1101 1347 vera,

86 1355 138 1419 sed
159 1354 219 1440 qui
242 1359 291 1420 est
313 1356 401 1423 Dens
424 1357 530 1437 Pater,
554 1362 604 1424 εει
625 1359 714 1424 aaa.
853 1409 857 1418 .

69 1441 127 1511 Art.
153 1445 187 1514 5.
220 1443 271 1512 Ao
305 1447 431 1516 nonina
463 1449 639 1516 essentialia
671 1447 707 1514 tn
740 1446 891 1515 menon
924 1448 1102 1531 ripntptooto

87 1535 200 1616 moer
229 1553 398 1621 supponere
427 1555 485 1622 pro
511 1556 653 1622 persono.
684 1539 720 1621 ri.
745 1537 825 1616 Nou,
848 1536 936 1622 quir·
950 1555 992 1603 eu
1015 1536 1103 1604 vori-

88 1628 148 1690 tate
172 1626 406 1712 propositionis
436 1647 503 1695 non
526 1628 631 1694 sotum
655 1627 777 1694 suttieit
799 1625 1008 1693 considerare
1031 1644 1102 1692 rem

89 1712 317 1798 significatam,
350 1719 409 1784 sed
442 1717 541 1784 etiam
569 1718 705 1785 modum
734 1715 960 1802 significandi,
993 1719 1026 1781 et
1055 1714 1103 1780 sie

90 1801 166 1870 Deus
199 1807 234 1871 et
268 1806 407 1874 &sentia
434 1806 510 1874 tinet
535 1807 604 1874 sint
626 1807 716 1874 idem
738 1806 923 1874 seeundum
947 1822 1029 1884 rem,
1054 1807 1105 1869 ta·

89 1909 157 1962 men
180 1913 252 1962 uon
273 1897 458 1966 εεειιιιιιιιιι
481 1897 635 1976 modum,
658 1896 737 1984 quia
760 1895 846 1962 Deus
866 1893 1031 1979 signifieat
1052 1911 1104 1961 es·

89 1983 233 2064 sentiam,
250 1989 288 2051 ιιι
302 1986 338 2053 in
362 1989 515 2065 habente,
539 1987 641 2054 etsie
664 1990 803 2071 generat
827 2001 1020 2069 personom3
1043 1983 1104 2049 sed

88 2074 222 2141 essentia
256 2074 291 2141 iu
327 2077 522 2154 abstracto,
540 2075 704 2162 signifieat
732 2078 773 2146 ,ut
799 2075 904 2142 torma
927 2073 1101 2140 abstracta.

89 2161 160 2230 item
183 2163 325 2232 essentia
348 2185 417 2232 non
440 2170 577 2251 generat
599 2166 749 2250 seipsam,
773 2165 865 2249 quod
888 2167 982 2242 osset,
1004 2161 1031 2228 si
1049 2181 1103 2246 ge·

88 2257 232 2333 peraret,
263 2256 296 2320 ει
325 2259 445 2322 natura
470 2255 585 2322 divina
614 2256 649 2321 in
674 2255 753 2320 Filio
777 2273 845 2322 non
870 2256 1102 2338 generaretur,

86 2344 157 2427 quia
185 2345 380 2412 octoadem
410 2364 550 2412 numero
581 2345 616 2410 in
647 2350 799 2429 utroque.
834 2344 933 2420 Item,
962 2340 1102 2410 essentia

86 2439 129 2498 est
151 2453 205 2500 res
227 2451 407 2518 generans,
430 2435 457 2501 si
479 2434 639 2519 supponit
662 2453 722 2519 pro
747 2452 903 2517 persono,
933 2437 982 2501 est
1005 2447 1103 2508 νεει,

86 2521 109 2585 si
130 2542 191 2605 pro
215 2523 371 2604 essentia,
401 2529 451 2592 εει
479 2526 568 2592 talea.
599 2523 680 2590 item
703 2524 799 2592 Pater
825 2527 875 2588 est
899 2519 1103 2605 prineipium

87 2611 180 2678 totius
204 2613 352 2693 deitatis,
381 2633 451 2681 non
475 2615 551 2699 quia
575 2633 648 2680 eam
670 2614 823 2699 generat,
846 2615 880 2676 ει
901 2609 1022 2694 spirat,
1045 2609 1104 2676 sed

86 2702 155 2784 quia
179 2704 374 2786 generando
395 2708 429 2768 ει
451 2704 607 2788 spirando
631 2723 703 2770 eam
728 2700 960 2768 communicat

70 2787 126 2858 Art.
147 2792 182 2860 o.
208 2791 258 2861 Ao
280 2811 414 2878 persone
434 2794 555 2878 possint
572 2793 737 2878 proditori
756 2792 793 2859 de
816 2788 992 2859 nominituo
1007 2806 1103 2856 euen-

60 2903 63 2916 ·
87 2881 218 2950 ιιιιιιιιε.
246 2884 281 2968 ιι.
304 2883 374 2962 Sin,
397 2883 482 2950 siout
505 2883 641 2951 nomina
665 2879 862 2961 notionatia,
885 2884 923 2948 nt
946 2878 1033 2946 Deus
1054 2882 1104 2945 est

85 2987 145 3040 una
170 2971 331 3042 Trinitas.
354 2973 435 3040 ltem
458 2973 598 3040 essentia
614 2977 670 3041 ,εει
694 2979 760 3040 tres
779 2989 939 3055 personae,
955 2969 1002 3034 sio
1018 2967 1104 3034 Deus
1131 2980 1134 2985 ·

83 3066 219 3130 eritrea
243 3081 407 3148 personae,
430 3064 508 3150 qnia
530 3063 616 3130 Deus
639 3082 699 3148 per
721 3082 755 3130 se
777 3058 935 3145 supponit
966 3076 1027 3142 pro
1056 3067 1105 3126 εε-

83 3152 199 3220 tentia.

86 3239 221 3310 ‘iinmo
243 3247 293 3310 est
314 3243 424 3312 omnis
447 3245 557 3327 homo,
579 3245 629 3310 εει
650 3243 740 3322 tona,
763 3241 842 3328 quio
865 3242 966 3308 homo
989 3255 1049 3322 per
1070 3257 1105 3304 εε

84 3333 244 3418 supponit
279 3353 340 3419 pro
375 3353 531 3416 persona,
567 3335 601 3399 et
630 3353 671 3400 ex
702 3335 862 3417 adjuncto
892 3349 954 3415 pro
981 3332 1104 3396 natura

86 3424 269 3502 eommuni,
292 3427 352 3492 sed
375 3423 461 3490 Deus
482 3427 546 3490 stat
569 3441 630 3507 pro
654 3425 782 3490 natura.
813 3421 893 3488 item
922 3418 957 3484 iu
979 3416 1104 3485 divinis

86 3529 148 3579 nou
182 3520 233 3580 εει
264 3513 467 3593 universate,
504 3513 557 3580 vet
590 3513 773 3596 singulare:
806 3512 895 3577 unde
923 3508 1009 3573 sieut
1032 3507 1103 3571 haeo

85 3603 263 3688 propositio
284 3610 334 3670 est
356 3621 417 3688 per
438 3623 473 3670 se
496 3621 593 3684 vera,
623 3602 719 3670 Potor
748 3605 796 3669 εει
825 3600 928 3678 Deus,
954 3595 1002 3664 sie
1024 3593 1101 3675 ista,

86 3689 169 3762 Deus
194 3697 246 3762 εει
268 3693 374 3764 Pater.
