2652 4198
462 61 548 136 ¹auru
573 53 719 114 sunnin.
1029 47 1084 116 rs·

88 155 1119 188 -...............-..---......-..,...-.-..

81 219 142 286 Art.
162 218 192 286 l.
215 217 268 300 Aa
291 221 396 286 aalma
417 217 558 301 innata
585 222 747 300 capessent
769 217 954 300 uentura.
987 219 1021 301 rb.
1045 215 1118 283 alli·

101 330 171 394 qua,
193 310 253 375 sed
277 328 346 375 non
370 307 493 385 omnia,
517 311 550 370 et
573 303 774 389 imp'erieete,
798 311 832 372 et
853 305 995 392 Angelus
1010 307 1117 391 perle-

98 404 155 478 nte,
177 404 210 466 et
235 417 296 482 per
318 398 442 481 speeies
465 397 597 463 inlusus.
826 416 830 424 ·

79 487 139 556 Art.
161 489 194 556 t.
218 485 270 556 Aa
291 488 414 556 latitas
435 489 571 554 selentia
594 489 750 572 aceubitu
772 491 997 556 remanentia
1013 490 1117 556 aalma

96 585 241 664 separatu.
268 581 303 663 il.
328 578 395 656 Sic,
421 583 459 644 ut
479 583 559 644 sunt
582 578 617 644 in
642 579 827 658 intellectu,
858 579 918 662 qui
948 599 1016 646 nnn
1044 598 1117 645 enr-

96 671 283 754 rumpitur,
319 669 380 734 sed
419 667 647 750 dispositiones
683 668 718 733 in
757 667 914 751 potentiis
951 668 1118 736 sensitivis

32 797 34 826 l
94 761 260 841 peribunt·

94 852 104 872 '
126 848 164 915 ut
186 848 326 915 seientia
349 849 541 915 destruetur
563 847 673 932 quoad
696 849 817 915 actum.

94 937 104 960 *
125 937 237 1006 Potest
259 956 328 1004 esse
349 938 448 1004 simul
471 955 546 1004 eum
570 937 708 1004 seientia
730 937 849 1018 inlusa,
873 937 949 1024 quia
972 937 1113 1006 diversae

72 1025 133 1094 Art.
156 1027 190 1095 ll.
213 1027 266 1095 Au
289 1035 374 1094 netas
395 1030 532 1098 scientiae
554 1030 711 1112 acquisitu
739 1036 861 1099 mutuat
886 1031 921 1096 in
945 1032 1048 1096 aalma
1070 1050 1113 1095 re·

88 1126 207 1201 purete.
233 1120 269 1202 ri.
292 1118 354 1196 Sin,
377 1120 435 1183 sed
461 1137 528 1184 nnn
553 1120 669 1184 endem
695 1120 803 1199 modo,
828 1119 863 1185 id
886 1121 944 1198 est,
965 1137 1033 1186 non
1055 1139 1114 1203 per

88 1209 341 1274 conversionem
365 1208 408 1272 ad
431 1210 669 1290 phantasmata.

69 1295 130 1366 Art.
155 1298 190 1367 7.
212 1297 264 1366 An
286 1298 437 1364 distantia
460 1298 565 1364 tecutis
593 1297 741 1388 impartiat
766 1303 973 1384 caprariam
1003 1303 1112 1368 enimn

87 1389 307 1472 epiroten
334 1388 422 1465 Non,
447 1388 525 1473 quia
551 1391 664 1456 lumen
695 1388 867 1469 divinum,
901 1411 967 1476 qno
1001 1390 1113 1456 anima

87 1484 237 1562 separata
267 1477 438 1561 intelligit,
465 1478 582 1544 endem
614 1479 713 1544 modo
734 1498 769 1546 se
792 1482 891 1548 babet
913 1480 1055 1559 dbtans,
1079 1484 1113 1544 et

88 1569 328 1654 propinquum.

68 1659 132 1727 Art.
156 1659 190 1726 8.
214 1656 266 1727 Aa
287 1660 393 1726 aalma
421 1666 561 1744 separatu
591 1667 848 1746 constantique
882 1663 932 1729 lu'e
964 1668 1110 1744 epuratur.

88 1751 121 1832 ri.
144 1749 228 1828 Non,
253 1749 330 1834 quia
354 1769 422 1816 uon
446 1751 613 1835 cognoscit
635 1752 825 1835 singularia,
851 1750 913 1816 nisi
937 1770 997 1832 per
1011 1751 1111 1816 vesti-

85 1839 187 1922 giurn,
212 1844 270 1906 aut
293 1841 458 1918 silentum,
483 1858 557 1924 quiae
580 1860 650 1908 non
672 1843 751 1906 sunt
773 1841 816 1906 nd
839 1839 962 1918 omnia,
978 1838 1031 1904 vel
1047 1839 1111 1904 nisi

85 1927 170 1996 Deus
193 1929 331 1996 revelet.
355 1927 480 1998 Animae
498 1932 672 1998 beatorum
688 1927 890 2013 probabilius
906 1932 1110 2012 engnoeeunt

86 2021 208 2101 omnia,
234 2038 308 2105 quae
333 2015 511 2103 aequanlur
534 2017 680 2105 Angelis,
707 2038 775 2086 nnn
799 2023 911 2086 tamen
935 2017 1111 2085 tristantur

85 2109 126 2175 de
149 2109 254 2176 malis.
279 2109 362 2178 ltem
386 2109 536 2192 defuncti
550 2110 592 2175 'si
609 2113 771 2195 apparent
802 2109 910 2189 nobis,
938 2111 987 2176 est
1009 2108 1110 2175 mira·

84 2199 212 2266 aulum:
237 2199 289 2266 vel
314 2200 460 2278 daemon,
484 2200 536 2266 vel
559 2200 700 2285 Angelus
722 2201 786 2266 hoe
808 2200 886 2266 laeit
908 2200 1008 2266 etiam
1032 2197 1110 2282 ipsis

84 2288 326 2372 ignorantibus.
353 2289 485 2356 Samuel
509 2295 621 2357 autem
644 2289 798 2374 apparuit
825 2289 900 2357 Saul
925 2289 960 2356 in
985 2289 1109 2355 revela·

85 2377 174 2446 tinne
197 2379 325 2448 divina.

453 2557 631 2650 purusne
654 2559 717 2634 xc.
742 2545 745 2550 ’

59 2752 149 2816 De
175 2743 377 2832 prima
401 2741 666 2816 hominis
698 2741 1106 2831 productione
1157 2747 1159 2754 ’

233 2846 527 2919 quantum
548 2840 629 2905 ad
656 2842 949 2905 animam.

56 3017 120 3088 lrt.
147 3017 180 3088 l.
207 3017 258 3086 An
282 3020 389 3086 enimn
410 3020 455 3085 ait
478 3020 574 3102 snam,
609 3020 657 3085 uel
690 3021 735 3086 sit
765 3018 800 3086 de
833 3016 1004 3088 subeuntia
1036 3021 1107 3088 Dei.

77 3112 111 3192 ri.
136 3108 193 3176 Est
219 3109 316 3188 laeta,
340 3112 374 3174 et
397 3128 464 3175 nnn
489 3114 537 3175 est
560 3111 602 3176 de
624 3110 808 3177 substantia
830 3108 898 3189 Dei,
923 3116 956 3178 et
969 3111 1108 3196 simplex

74 3201 184 3282 seipso
211 3197 333 3264 diliert.

56 3287 122 3358 Art.
149 3288 182 3357 2.
213 3287 265 3356 alu
292 3290 401 3355 utrina
429 3292 472 3355 ait
499 3290 648 3374 producta
677 3294 711 3357 ln
737 3311 798 3359 esre
828 3311 881 3375 per
915 3294 1107 3360 creationem.

79 3381 113 3462 rt·
136 3378 202 3458 Sia,
228 3379 308 3462 quia
331 3382 384 3444 est
406 3378 512 3445 torma
535 3381 724 3448 subsistens.
852 3415 855 3425 ·

75 3469 85 3490 ²
111 3468 148 3536 ln
175 3467 291 3536 anima
309 3469 490 3534 ¹materiale
512 3475 561 3536 est
587 3470 743 3550 essentia,
775 3473 911 3540 lnrnrale
947 3490 1027 3537 vern
1059 3473 1108 3536 est

76 3577 146 3625 esse
171 3557 425 3643 participatum.

51 3647 121 3718 Art.
145 3647 180 3718 a.
206 3647 257 3717 Aa
282 3649 388 3718 anima
411 3651 581 3720 rationulis
599 3652 801 3737 aitprnduetn
816 3673 836 3722 a
849 3651 914 3722 Deo
930 3650 1108 3720 immediate.
