2604 4210
214 121 354 208 Uilli..
427 191 431 198 ,
506 139 553 192 ox
577 138 744 198 suenum
776 137 954 200 arcannm

144 261 146 263 ’
212 274 323 347 -ιιιιιι
344 276 582 344 corilionem
616 241 810 364 'voluptuosa
833 284 883 348 est
904 277 1053 355 eruaris,
1085 277 1161 342 seeo
1182 294 1253 341 non

212 369 368 455 ponitur
399 366 435 432 in
469 367 647 458 divisionel,
683 375 761 456 quia
796 376 844 437 est
871 368 1059 436 communis
1093 365 1188 432 nobis
1222 371 1256 429 et

209 461 406 618 Αἲξυὲῗίιη
426 549 613 632 restaurator
636 549 790 618 ttotiatar
810 569 865 634 par
888 551 1019 616 activam
1034 544 1258 628 ataoatempto·

235 640 338 706 ticam.
363 638 398 722 ri.
421 635 484 716 Sic,
506 643 544 705 ut
567 639 603 705 in
627 640 733 722 primo
757 642 907 707 articulo.

520 881 524 886 .
557 813 738 900 Qumsrlo
768 815 909 888 clxxx.

359 994 451 1062 De
474 998 602 1063 vita
625 998 1116 1081 contemplativa.

215 1175 284 1246 Art.
310 1175 340 1242 l.
355 1171 413 1240 'Aa
434 1176 499 1241 vita
521 1179 753 1261 caritemplatiaa
775 1180 857 1246 citit
879 1177 1043 1245 laicalia
1065 1174 1186 1256 affecta,
1210 1171 1261 1238 scd

241 1273 337 1332 wtam
360 1266 395 1329 ia
418 1265 582 1331 intellecta.
601 1269 636 1351 ri.
661 1268 734 1333 llaec
751 1269 831 1347 vita,
844 1271 1008 1353 quantum
1024 1266 1067 1331 ad
1085 1262 1261 1330 maeotim

238 1352 378 1422 actionis
401 1355 545 1434 pertinet
568 1357 609 1420 ad
633 1356 853 1434 intellectum,
877 1358 935 1423 sed
958 1359 1121 1441 quantum
1145 1353 1188 1418 ad
1212 1353 1260 1429 id,
1290 1413 1291 1418 ,

240 1443 330 1528 quod
347 1445 465 1517 ¹movet
486 1444 529 1509 ad
552 1448 774 1512 exercendum
799 1448 898 1512 talem
915 1449 1042 1522 actum,
1061 1445 1187 1527 spectat
1218 1440 1260 1504 ad

240 1533 462 1609 voluntatem,
493 1533 571 1616 quia
595 1535 748 1602 voluntas
777 1542 888 1603 movet
919 1538 955 1601 ut
977 1537 1077 1600 homo
1106 1531 1261 1597 intendat
1290 1591 1291 1596 ,

241 1619 513 1703 contemplationi
537 1623 700 1703 veritaliS,
735 1629 894 1710 tanquam
916 1624 959 1690 ad
982 1625 1083 1688 finem
1107 1622 1262 1688 volunta·
1290 1645 1291 1652 ι

242 1711 301 1790 tis3
323 1713 356 1776 et
378 1709 454 1780 licet
477 1713 731 1796 contemplativa
754 1714 970 1781 essentialiter
992 1712 1034 1776 sit
1057 1711 1261 1782 intellectus,

242 1805 354 1866 mmen
391 1800 590 1868 terminatur
618 1803 653 1868 in
684 1804 952 1882 delectationem,
987 1821 1062 1886 quae
1085 1804 1133 1865 est
1156 1800 1192 1863 in
1217 1796 1262 1861 al·

242 1890 342 1956 lectu.

221 1978 289 2048 Art.
312 1978 344 2045 2.
367 1976 417 2046 la
437 1981 566 2047 virtutes
594 1983 721 2048 moratas
747 1986 925 2066 pertineant
945 1981 985 2048 ad
1004 1982 1099 2047 vitam
1132 1983 1262 2044 aarum·

241 2070 400 2152 platinam,
425 2070 459 2152 ri.
483 2068 704 2136 Essenlialiter
727 2091 806 2152 non,
829 2076 907 2158 quia
929 2071 1129 2138 ordinantur
1152 2067 1194 2132 ad
1208 2086 1263 2130 ex·

246 2158 382 2223 teriones
411 2157 570 2237 actiones,
605 2161 675 2226 haec
697 2161 834 2245 quiescit
857 2163 893 2229 in
917 2159 1085 2236 interiori,
1120 2156 1204 2222 idest
1228 2155 1261 2218 in

246 2244 508 2313 consideratione
542 2248 704 2328 veritalis,
735 2252 793 2317 sed
827 2249 1018 2335 dispositive
1042 2246 1105 2322 sic,
1138 2265 1183 2310 ne
1205 2261 1263 2328 per

246 2333 492 2402 vehementiam
515 2338 703 2420 passionum
727 2340 960 2424 contemplatio
984 2335 1195 2420 impediatur.

224 2425 294 2495 Art.
321 2424 354 2494 3.
383 2422 434 2494 Aa
462 2425 502 2493 ad
528 2429 623 2494 vitam
656 2430 918 2513 contemplativam
950 2429 1129 2512 perdoceat
1151 2423 1264 2490 dionei

247 2523 344 2584 aetas.
369 2516 403 2595 ri.
428 2514 584 2581 Finaliter
607 2535 708 2596 unus,
736 2519 820 2585 idest
843 2517 1075 2600 contemplatio
1098 2513 1264 2588 veritatis,

247 2606 324 2672 licat
347 2605 466 2670 habeat
488 2604 634 2671 diversos
653 2610 744 2672 actus
759 2611 991 2675 antecedentes
1008 2623 1067 2689 pro
1082 2601 1264 2686 principiis,

246 2695 300 2761 vel
324 2711 439 2759 eorum
461 2693 715 2762 deductionibus
737 2697 779 2764 ad
803 2699 976 2765 veritatem
993 2692 1264 2777 cognoscendam,

248 2783 309 2849 sed
330 2782 439 2847 finalis
461 2787 510 2848 est
532 2802 629 2852 unus.

227 2870 296 2941 Aa.
319 2869 351 2938 l.
373 2869 423 2938 Aa
445 2873 510 2938 alta
532 2875 764 2958 coaamptativa
786 2879 883 2944 satam
905 2877 1054 2943 consistat
1080 2874 1114 2937 ia
1137 2877 1265 2937 conum·

248 2963 386 3046 piatione
408 2959 479 3044 uei,
502 2963 549 3028 oet
570 2967 663 3032 etiam
685 2969 886 3050 cuiuscunque
908 2970 1058 3033 amatis.
1084 2963 1118 3046 ri.
1141 2957 1267 3026 Princi-

251 3052 370 3135 politer
392 3047 462 3128 Dei,
478 3052 536 3135 qui
561 3060 609 3118 est
632 3055 707 3120 linis
725 3060 878 3123 humanae
897 3058 985 3136 vilae,
1001 3058 1055 3123 hic
1078 3053 1268 3135 imperfecto

250 3159 312 3224 per
346 3139 518 3223 speculum
541 3141 576 3207 in
600 3144 789 3230 aenigmate,
824 3148 881 3212 sed
915 3145 1110 3212 secundaria
1133 3142 1168 3208 in
1194 3160 1269 3208 con·

252 3228 470 3315 templatione
493 3229 685 3301 divinorum
708 3233 895 3320 affectuum,
911 3240 990 3324 quia
1012 3235 1192 3304 invisibilia
1214 3234 1269 3302 Dei

253 3339 314 3405 per
336 3335 473 3404 ea'quae
496 3319 582 3388 lacta
604 3331 693 3404 sunt,
716 3331 777 3394 eto.
802 3333 836 3393 et
857 3333 936 3395 sunt
958 3347 1015 3394 sex
1037 3328 1168 3412 gradus.

233 3408 304 3479 Art.
326 3409 358 3479 t.
380 3406 431 3476 Aa
453 3411 517 3476 otto
540 3417 770 3498 contemplativa
795 3419 955 3486 secandam
981 3425 1093 3485 statam
1114 3417 1270 3499 praeeatis

254 3503 325 3570 otta
344 3501 443 3585 paruit
470 3505 646 3586 pertinacia
677 3505 716 3571 ad
744 3511 890 3575 visionem
923 3510 1058 3574 caecatio
1091 3505 1213 3572 diuina.
1237 3507 1269 3590 ri.

256 3589 360 3682 Proui
382 3591 479 3678 homo
502 3592 651 3656 sensibus
674 3599 819 3679 conponis
855 3598 971 3676 utitur,
996 3603 1043 3662 est
1065 3595 1268 3680 impossibile,

254 3677 282 3744 si
304 3675 528 3764 potentialiter
552 3682 694 3762 tantum,
706 3690 739 3748 et
754 3705 822 3752 non
838 3688 1021 3754 secundum
1037 3691 1157 3764 aetram,
1174 3689 1267 3769 prout
