2608 4220
439 163 517 214 nivo
543 161 690 214 uncum.
966 148 1032 218 toll

36 277 105 348 Art.
130 279 162 348 2.
184 277 235 346 Ao
258 278 309 345 dos
331 279 376 344 sit
397 278 473 346 idem
494 279 574 364 qood
595 279 755 348 beatitudo.
780 282 816 365 rt.
838 281 920 368 Non,
936 285 994 350 sed
1017 284 1081 352 dit·

57 369 172 437 lerunt
195 368 350 450 realiter,
373 373 407 434 ct
429 369 487 434 dos
509 371 608 436 datur
631 369 703 436 sine
725 370 872 450 meritis,
894 372 953 438 sed
979 373 1080 443 beati·

59 461 140 526 tudo
163 459 376 544 promeritis.
393 455 483 537 item,
499 460 668 526 beatitudo
687 464 735 526 est
757 460 826 544 ipsa
848 463 1007 545 operatio,
1022 465 1080 533 sed

56 550 151 615 dotes
173 553 253 616 sunt
275 550 417 628 habitus,
441 549 494 615 vel
518 548 763 632 dispositiones,
787 551 840 616 vel
862 570 1080 638 quecumque

56 639 131 706 aliae
158 638 351 724 qualitates,
373 658 449 723 que
478 639 521 707 ad
543 639 645 722 ipsam
669 638 894 724 operationem
922 643 1081 711 ordinan-

58 733 127 794 tur.
149 728 242 806 ltem,
268 729 435 796 beatitudo
459 728 540 794 dicit
563 729 675 797 omnia
691 732 787 810 bona,
800 729 899 796 etiam
921 730 1006 816 ipsas
1022 734 1080 800 do·

56 823 115 898 tes,
139 839 209 886 uon
233 821 271 884 ut
294 822 403 901 partes
426 817 596 898 essentiae,
628 820 687 885 sed
709 823 747 886 ut
776 819 944 888 ordinatas
969 821 1080 908 aliquo

56 908 156 974 modo
179 909 221 975 ad
249 907 501 974 beatitudinem.

32 995 101 1065 Art
126 996 159 1066 3.
181 997 231 1069 Aa
253 997 544 1086 comportatione
567 997 674 1069 dobere
687 998 779 1068 dotes.
798 1000 834 1083 rt.
846 998 985 1082 Proprie
997 1021 1077 1083 non,

56 1088 230 1174 quianon
264 1092 312 1154 est
335 1089 584 1157 matrimonium
608 1089 697 1154 inter
719 1092 874 1156 naturam
902 1090 1077 1158 hamanam

55 1181 90 1242 et
113 1176 274 1256 divinam,
298 1197 374 1244 cum
397 1179 439 1244 sit
462 1181 577 1246 eadem
592 1197 754 1263 persona;
771 1179 839 1246 imo
861 1177 1008 1246 Christus
1030 1186 1079 1248 est

55 1267 114 1350 qui
138 1269 196 1334 dat
218 1269 310 1334 dotes
332 1267 534 1351 spirituales,
570 1273 604 1334 et
626 1289 695 1334 non
718 1288 772 1334 eas
801 1267 934 1353 recipit:
959 1287 1077 1338 verum

53 1364 113 1435 est,
137 1359 227 1441 quod
251 1377 288 1423 ea
311 1377 385 1441 quae
408 1359 567 1425 dicuntur
582 1359 690 1438 dotes,
705 1358 977 1429 excellentissime
998 1381 1078 1428 con·

54 1446 198 1512 veniunt
220 1444 358 1512 Christo.

30 1533 99 1608 Art.
124 1533 157 1602 4.
179 1534 230 1603 do
253 1534 366 1620 tepet
387 1537 519 1608 tobeoot
538 1538 629 1612 dotes,
649 1540 684 1624 rt.
708 1536 845 1606 bioetca
862 1557 937 1624 que
959 1540 1077 1614 dicun·

55 1629 113 1690 tur
142 1625 235 1691 dotes
257 1627 461 1694 conveniant
483 1626 612 1712 Angelis
641 1632 675 1694 et
697 1628 904 1708 bominibus,
925 1631 984 1696 sed
1006 1650 1075 1705 non

55 1714 186 1782 ratione
207 1715 303 1794 dotis,
325 1716 404 1800 quia
426 1718 544 1802 olngetiw
561 1721 640 1784 sunt
662 1719 807 1798 sodales,
839 1721 873 1784 et
907 1737 975 1785 non
997 1725 1076 1786 sunt

52 1823 192 1888 sponse,
217 1805 295 1890 quia
318 1825 387 1872 non
410 1812 458 1874 est
480 1807 692 1874 conformitas
714 1811 841 1876 nature
857 1809 1023 1890 humanae,
1038 1815 1076 1881 ut

53 1896 156 1962 debet
176 1913 245 1962 esse
260 1895 349 1961 inter
362 1913 518 1978 sponsum
535 1903 568 1964 et
578 1917 747 1980 sponsam,
762 1899 877 1964 saltem
901 1917 969 1965 non
988 1918 1076 1967 com-

52 1984 137 2067 petit
159 1981 287 2068 Angelis
310 1986 444 2070 proprie
466 1988 535 2065 dos,
559 1989 596 2053 nt
619 1986 817 2054 bominibus.

28 2070 98 2140 Art.
123 2073 157 2140 b.
178 2072 229 2142 do
244 2078 456 2144 ooooeoieoter
468 2085 625 2160 pooootor
641 2085 701 2146 tros
715 2079 835 2146 ooimoe
849 2075 939 2145 dotes.
959 2078 996 2162 rt.
1011 2077 1074 2159 Sic,

50 2169 85 2229 et
108 2167 188 2230 sunt
211 2165 304 2244 visio,
327 2166 480 2246 dilectio,
505 2166 629 2232 lruitio.
652 2167 700 2234 Ex
723 2171 817 2251 parte
840 2167 993 2246 babitus,
1016 2171 1074 2254 qui

50 2252 143 2318 elicit
166 2253 337 2334 visionem,
361 2261 409 2321 est
432 2275 499 2322 una
522 2257 591 2336 dos,
614 2276 689 2341 quae
711 2260 754 2324 ab
777 2257 930 2323 omnibus
953 2257 1075 2325 dicitur

52 2341 154 2422 visio;
177 2347 212 2407 et
233 2345 276 2413 ob
298 2345 565 2412 convenientiam
588 2365 648 2430 per
675 2348 838 2426 allectum,
854 2364 928 2432 quae
951 2346 1074 2413 dicitur

49 2431 196 2509 dilectio,
219 2451 294 2518 qnae
317 2434 360 2499 ab
382 2434 546 2518 aliquibus
568 2439 706 2502 vocatur
728 2436 859 2516 fruitio;
889 2439 922 2500 et
950 2437 994 2502 ob
1018 2455 1073 2504 co·

49 2514 284 2588 niuuctionem
321 2524 455 2606 ponitur
491 2525 741 2608 comprehensio
776 2545 851 2611 quae
885 2527 935 2592 est
968 2517 1072 2593 Deum

49 2615 252 2692 praesentem
277 2614 406 2680 babere.
430 2612 514 2681 Visio
538 2615 714 2698 respondet
736 2615 829 2696 fidei,
857 2616 1072 2699 comprehen-

47 2701 100 2766 sio
122 2700 202 2784 spci,
226 2701 358 2768 dileetio
380 2701 543 2768 charitati.

409 2879 591 2965 QUAESTIO
613 2878 714 2952 XCVI.

346 3062 438 3127 De
466 3061 754 3130 aureolis.

23 3235 100 3304 Art.
126 3233 156 3302 l.
179 3236 229 3305 Ao
252 3239 374 3306 aureolo
401 3241 446 3306 ott
465 3240 551 3307 aliod
577 3259 598 3308 o
623 3242 759 3324 proemio
792 3242 967 3324 emendati,
995 3246 1074 3328 oum

48 3344 149 3394 ocrea
170 3326 292 3394 dicitur.
319 3330 354 3414 rt.
378 3327 441 3408 Sic,
466 3331 542 3414 quia
566 3331 741 3414 proemium
757 3334 927 3400 essentiale
949 3334 1072 3402 dieitur

47 3435 161 3493 aurea,
185 3419 243 3484 sed
266 3419 439 3500 praemium
463 3421 663 3488 accidentale
685 3422 934 3505 superadditum
948 3423 1072 3491 dicitur

46 3506 205 3583 aureola,
229 3511 261 3572 et
284 3509 384 3573 datur
406 3514 541 3592 propter
562 3511 735 3593 specialem
766 3513 930 3580 rationem
963 3519 1071 3582 certa·

46 3595 171 3672 minis,
201 3596 255 3667 oui
278 3597 418 3664 debetur
445 3599 592 3682 specialis
621 3619 743 3668 corona
765 3603 961 3686 spiritualis,
985 3602 1071 3671 idest

44 3685 194 3764 aureolo,
217 3685 311 3752 utin
337 3687 531 3772 virginibus,
555 3690 755 3774 martyribus
777 3695 812 3762 et
832 3692 1032 3762 doctoribus.
