2608 4220
475 111 553 161 nrvr
578 109 725 162 uncum.
1010 94 1076 161 567

97 249 185 309 rnur,
208 230 300 297 etin
323 233 384 297 bac
407 229 511 296 forma
535 227 737 312 predicavit,
761 231 794 293 et
810 228 873 293 fuit
894 228 1070 306 indicatus,
1087 233 1121 294 et

98 341 160 387 nos
183 321 334 399 redemit,
357 320 437 386 hinc
458 320 534 384 data
565 323 614 384 cst
636 317 763 384 Christo
787 319 896 384 omnis
918 324 1059 400 potestas
1082 319 1118 386 io

95 411 197 489 coelo,
220 416 254 476 et
277 410 312 477 in
336 414 439 476 terra.

96 500 107 524 *
131 499 168 566 in
193 499 321 568 Christo
342 498 526 566 secundum
549 496 700 564 divinam
734 500 890 562 naturam
912 501 985 563 erat
1006 500 1119 564 aucto-

94 590 175 655 ritas
197 589 337 656 dominii
352 592 396 655 ob
412 587 624 667 creationem,
639 586 822 653 secundum
840 588 1021 652 humanam
1045 590 1117 654 erat

93 679 270 746 auctoritas
285 678 425 747 dominii
449 676 522 744 iure
545 676 791 759 redemptionis,
808 679 841 740 ct
864 695 905 740 ex
921 677 1010 742 dono
1033 677 1122 742 divi·

93 768 206 834 uitatis
228 773 300 835 erat
337 766 559 846 invincibilis,
584 772 618 832 et
639 785 713 849 quae
744 763 890 831 Christus
920 764 1059 832 faciebat
1082 767 1118 833 iu

91 877 204 937 earne,
228 859 423 926 attribuitur
461 854 645 934 divinitati,
668 855 747 939 quia
775 874 851 921 caro
889 859 959 924 erat
994 856 1119 921 instru-

93 952 248 1013 mentum
272 945 467 1014 divinitatis.

67 1035 138 1104 Art.
163 1036 195 1106 2.
215 1039 266 1105 Ao
293 1036 435 1105 Christos
457 1036 493 1101 in
527 1033 641 1102 iudicio
664 1032 823 1118 apparebit
853 1036 889 1100 io
912 1037 1014 1120 [ormo
1052 1035 1146 1118 pto.

89 1130 177 1194 ricco
198 1129 411 1195 hamanitatis.
437 1127 471 1210 rt.
494 1123 556 1202 Sic,
581 1125 647 1190 imo
671 1122 766 1189 electi
790 1125 1116 1208 habebuntcorpora

16 1289 18 1294 ,
92 1217 249 1300 gloriosa;
274 1222 307 1283 et
329 1215 414 1282 sicut
437 1215 472 1280 in
497 1214 604 1296 primo
627 1214 777 1279 adventu
800 1213 948 1278 venitin
974 1213 1117 1281 infirmi-

90 1311 172 1384 tate,
195 1311 233 1372 ut
256 1306 468 1382 iudicaretur,
490 1305 538 1370 sie
561 1303 595 1369 in
624 1302 771 1369 secundo
806 1303 920 1368 veniet
941 1302 978 1368 in
1014 1304 1118 1388 gloria

90 1399 128 1460 et
150 1396 329 1474 maiestate,
353 1399 391 1460 ut
425 1393 564 1472 iudicet;
598 1397 632 1458 et
655 1391 768 1458 veniet
801 1391 837 1457 iu
861 1394 976 1458 eadem
999 1412 1117 1478 carne,

89 1486 151 1552 scd
175 1486 323 1570 gloriosa,
346 1488 381 1548 ct
403 1483 572 1549 videbitur
599 1481 646 1548 ita
681 1481 839 1568 gloriosus
875 1484 918 1548 ab
951 1483 1117 1564 omnibus,

89 1576 183 1659 quod
207 1575 309 1642 beatis
332 1573 396 1639 erit
418 1573 454 1637 iu
478 1571 663 1656 praemium,
688 1571 851 1640 damnatis
886 1570 922 1637 in
961 1592 1114 1656 poenam,

88 1670 126 1730 et
148 1666 299 1731 ostendet
322 1665 431 1746 plagas
453 1681 536 1728 suas.

61 1753 138 1822 Art.
162 1755 194 1830 3,
216 1753 265 1822 Ao
289 1754 436 1821 divinitas
463 1755 530 1819 sinc
552 1751 662 1838 poodto
688 1750 788 1818 videri
819 1753 944 1837 poterit.
973 1755 1009 1837 rt.
1032 1753 1115 1832 Nou,

89 1845 171 1928 quia
194 1844 281 1910 Deus
300 1847 349 1909 est
371 1862 430 1927 per
452 1844 625 1908 essentiam
650 1844 767 1923 bouus,
791 1845 823 1906 et
852 1842 899 1906 sio
922 1846 970 1906 est
993 1844 1115 1926 impos·

40 2001 43 2007 ,
87 1934 195 2012 sibile,
219 1935 308 2018 quod
331 1933 470 1998 essentia
494 1933 698 2014 apprehensa
721 1950 790 1997 nou
815 1931 964 1998 delectet.

87 2020 222 2106 *impii
247 2022 324 2088 licet
358 2028 447 2087 certo
477 2026 676 2105 cognoscant
708 2019 871 2087 Christum
907 2041 975 2087 esse
997 2021 1113 2101 Deum,

89 2131 160 2179 non
185 2119 296 2179 tamen
321 2111 437 2177 vident
458 2109 678 2189 divinitatem,
695 2129 795 2196 quam
816 2112 845 2177 si
867 2111 1030 2191 viderent,
1046 2131 1114 2188 non

87 2203 253 2270 baberent
268 2200 446 2267 tristitiam.
739 2204 740 2207 ’

451 2393 631 2481 cunsno
653 2393 729 2463 xo.

134 2597 136 2602 ·
259 2581 352 2646 De
374 2580 666 2659 qualitate
691 2575 918 2657 mundi,

64 2675 132 2734 et
150 2670 611 2748 resurgentium
635 2672 774 2750 post
797 2665 1130 2734 iudicium·

62 2848 136 2915 Art.
161 2846 191 2916 i.
214 2845 264 2914 Ao
285 2846 415 2916 mundos
448 2845 657 2913 tocoootttor.
682 2847 718 2930 rt.
740 2843 803 2926 Sic,
825 2844 1008 2929 corporalia
1031 2849 1112 2912 sunt

85 2938 169 3004 facta
194 2941 330 3021 propter
365 2935 525 3015 homines,
547 2937 606 3001 sed
628 2937 727 3002 bomo
750 2938 832 3001 tunc
854 2955 922 3002 non
946 2934 1110 3020 indigebit

87 3026 161 3106 iilis,
180 3031 214 3092 et
236 3027 291 3094 illa
314 3025 482 3110 dispositio
505 3025 661 3091 novitatis
683 3026 719 3090 in
743 3025 870 3093 mundo
886 3044 954 3093 non
973 3025 1037 3092 erit
1052 3044 1110 3091 ua·

87 3117 212 3197 iuratis,
236 3137 298 3183 nec
319 3120 436 3183 contra
460 3119 624 3194 naturam,
647 3116 705 3182 sed
726 3133 826 3199 supra
861 3117 1025 3194 naturam,
1050 3115 1109 3180 ad·

86 3207 168 3273 dens
191 3212 314 3273 certam
339 3206 572 3289 perfectionem
595 3203 766 3272 cuiusdam
800 3205 912 3290 gloriae
919 3223 928 3284 ;
953 3209 987 3271 ct
1009 3206 1109 3270 bomo

87 3296 209 3362 meruit
232 3300 270 3362 ut
293 3297 365 3361 talis
388 3297 490 3380 gloria
514 3295 640 3361 mundo
661 3295 862 3376 conferatur,
878 3299 991 3361 ctuou
1007 3313 1107 3360 mun·

86 3387 158 3464 dus,
182 3387 238 3471 qui
264 3405 331 3452 non
356 3390 460 3470 potest
483 3385 614 3453 mereri.
1115 3414 1121 3422 ·

61 3473 131 3542 Art.
155 3475 186 3541 2.
212 3475 263 3542 Ac
285 3483 383 3541 motos
404 3493 563 3559 corporum
581 3476 753 3544 coelestium
768 3475 903 3544 certabit.
920 3478 955 3561 ri.
972 3474 1034 3555 Sic,
1049 3477 1109 3542 sed

87 3583 155 3631 uon
187 3566 400 3643 naturaiiter,
422 3567 480 3632 sed
503 3585 544 3631 ex
566 3565 690 3633 virtute
713 3566 838 3648 divina,
862 3574 933 3633 nec
942 3581 985 3634 'ao
1009 3567 1109 3632 bomo

85 3655 225 3737 amptius
247 3654 418 3741 indigebit.
