2636 4202
138 133 142 142 ’
247 146 292 218 38
559 164 604 216 ax
628 163 737 214 rama
761 161 880 214 rantra

233 285 241 308 “
265 283 451 367 liiplioitor
473 281 598 349 dioilur
613 281 744 366 aliquid
766 299 834 348 esso
856 280 1004 366 alicujus,
1020 281 1073 348 vel
1091 281 1251 362 identiee,

227 377 261 439 et
288 373 335 439 sin
364 373 491 440 donum
519 383 587 438 nou
613 371 829 454 distinguitur
856 390 874 436 a
901 373 1019 451 danto,
1042 373 1101 438 sod
1123 374 1168 439 ab
1192 391 1252 451 oo,

225 461 279 528 eui
303 463 411 540 datur,
435 467 468 526 et
490 461 537 528 sie
558 459 698 546 Spiritus
720 461 858 528 Saucius
881 462 1011 528 datast
1035 462 1092 530 vel·
1111 466 1153 528 ιιι
1174 481 1254 546 pos-

224 552 338 630 sessio,
369 556 402 618 et
427 556 476 618 est
502 549 583 638 quid
606 555 771 628 oreatum;
796 551 849 617 vel
871 552 1056 618 seeundum
1079 551 1253 636 originem

227 645 373 721 tanturn,
405 645 438 707 et
467 642 513 707 sie
544 639 643 708 Filius
667 645 718 706 est
743 640 864 719 Patris,
888 644 922 708 et
944 640 1083 724 Spiritus
1106 641 1252 708 Saucius
1310 666 1311 698 2

225 735 273 797 est
296 731 477 816 utriusque,
501 733 534 796 et
555 730 602 796 sie
625 729 842 814 distinguitur
864 730 997 798 al’atre
1015 732 1252 815 personaliter.
1310 737 1311 746 ’

200 820 268 890 Art.
292 821 324 889 2.
352 819 401 888 An
431 821 542 894 dorium
571 823 616 888 sit
639 822 800 904 proprium
827 837 936 888 aman
965 822 1253 905 oporto-sanati.

223 914 259 995 ri.
282 912 351 991 Sio,
374 912 401 977 si
424 915 575 976 sumatur
599 911 829 993 personaliter,
865 911 943 996 quia
970 931 1011 977 ex
1042 912 1075 977 vi
1106 912 1253 996 originis

221 1001 346 1067 dieitur
368 1001 444 1078 tale,
467 999 551 1065 sieut
574 999 673 1065 Filius
696 1001 830 1085 proprie
852 1000 975 1065 dieitur
999 1002 1117 1087 imago,
1141 1001 1171 1066 si
1190 1021 1252 1068 su·

221 1094 333 1158 matur
363 1089 466 1156 Filius
493 1088 726 1172 personaliter,
758 1109 949 1176 quanquam
976 1091 1075 1158 etiam
1101 1089 1251 1175 Spiritus

220 1180 359 1248 Sanetus
381 1183 429 1246 est
451 1178 566 1246 similis
589 1179 688 1248 Patri.

369 1421 379 1444 .
491 1349 735 1444 oonsno
754 1360 890 1428 xxxu.
1004 1312 1029 1385 7

284 1545 375 1608 De
398 1543 700 1610 Personis
726 1542 802 1608 ad
826 1502 1161 1610 essentiam

604 1635 839 1705 relatis·

198 1805 266 1879 Art.
290 1808 322 1877 l.
352 1808 402 1878 An
428 1811 464 1877 io
493 1809 608 1900 diuinis
640 1813 770 1880 mentio
802 1813 848 1878 stt
878 1809 957 1878 idest
990 1809 1069 1896 quod
1101 1827 1247 1892 persono.

221 1900 257 1979 ti.
294 1899 433 1969 lleuliter
467 1900 530 1982 sio,
560 1903 617 1969 sed
645 1920 795 1987 persono
816 1902 911 1969 inter
929 1920 964 1974 ss
987 1901 1249 1985 dutmpuuntur

219 1989 360 2056 realiter.
577 2005 579 2010 '
989 2017 991 2024 ⁴
1112 2015 1115 2024 ·

219 2076 292 2144 'ln
320 2073 486 2146 ereaturis‘·
513 2080 682 2148 distinctio
715 2080 963 2165 suppositorum
997 2100 1065 2148 nou
1101 2083 1150 2146 est
1181 2099 1248 2164 per

218 2167 405 2250 relationes,
429 2169 506 2254 quio
529 2189 596 2237 uon
620 2175 699 2236 sunt
720 2170 945 2251 subnotantes,
966 2173 1025 2238 sed
1048 2186 1110 2255 per
1130 2187 1248 2237 maeu-

219 2255 309 2323 tialia
343 2257 517 2342 priuoipia.
557 2259 636 2326 item
670 2260 793 2326 suitleit
827 2261 996 2328 distinotio
1030 2259 1167 2329 rationis
1203 2265 1246 2326 ut

218 2344 343 2430 aliquid
366 2347 551 2414 affirmetur
573 2349 615 2414 de
637 2350 793 2430 essentia,
820 2354 913 2436 'qrrod
936 2355 1077 2435 negetur
1099 2350 1141 2416 de
1164 2368 1247 2432 per-

217 2436 316 2516 sonis,
340 2440 373 2502 et
395 2442 523 2504 eontra.
547 2437 627 2504 ltem
651 2442 750 2506 rebus
767 2439 892 2507 divinis
908 2441 1044 2508 nomina
1060 2439 1246 2523 imponun-

216 2527 290 2604 tur,
312 2527 369 2593 sed
392 2527 576 2594 seeundum
599 2530 736 2596 modum
753 2533 929 2611 nostrum,
952 2534 991 2597 ιιι
1012 2529 1243 2617 suppositum,

217 2633 285 2680 non
309 2618 399 2699 quod
423 2616 469 2682 ibi
491 2615 533 2682 sit
555 2617 663 2702 aliqua
686 2619 876 2703 suppositio.

193 2699 262 2770 Art.
286 2704 317 2771 2.
341 2705 390 2772 Aa
412 2709 458 2772 stt
476 2707 634 2775 dicendum
658 2717 719 2777 tras
739 2729 884 2793 mraoaos
905 2729 966 2778 osse
981 2714 1075 2779 ortus
1089 2713 1241 2779 tumltu.

218 2793 253 2873 ri.
277 2793 338 2874 Sio,
361 2797 446 2862 siout
469 2797 567 2862 etiam
584 2817 653 2864 uuo
670 2800 810 2866 essentia
825 2805 873 2865 est
890 2802 992 2866 trium
1009 2819 1241 2885 personarum.

194 2879 264 2947 Art.
288 2882 318 2951 3.
341 2882 391 2951 Ao
414 2889 539 2953 nomino
562 2890 738 2956 essentialia
757 2889 963 2973 predicentur
985 2893 1187 2975 siopoloritsr
1203 2891 1243 2956 de

218 2971 315 3038 trtius
346 2975 495 3061 personis.
530 2979 564 3062 rt.
600 2977 667 3057 Sio,
702 2980 778 3066 quia
808 2979 996 3062 significant
1018 3000 1077 3065 per
1100 2983 1240 3048 modum

216 3063 424 3131 substantiae:
455 3066 618 3148 adjectiva
643 3085 723 3134 vero
751 3069 887 3137 nomina
911 3090 970 3155 per
993 3071 1129 3138 modum
1153 3070 1241 3137 aoei-

217 3150 326 3218 dentis
360 3155 395 3221 in
429 3157 607 3237 creaturis,
642 3162 675 3223 et
710 3158 783 3224 ideo
810 3179 869 3242 per
900 3162 1037 3242 modum
1059 3159 1239 3246 suppositi:

202 3238 290 3306 ideo
324 3243 512 3326 pluralitem
548 3247 623 3313 ideo
653 3265 825 3331 possumus
848 3249 959 3318 dioere
983 3255 1048 3318 tres
1071 3267 1240 3336 personae,

215 3330 268 3394 rel
303 3335 369 3398 tres
401 3335 575 3418 sapientes,
610 3338 662 3402 vel
698 3342 764 3404 tres
787 3341 904 3406 aeterni
926 3345 1005 3411 sint
1028 3359 1117 3408 unus
1138 3338 1239 3420 Deus,

214 3422 248 3483 et
269 3426 349 3488 sunt
372 3427 439 3489 tres
462 3427 619 3491 habentes
641 3426 808 3508 deitatem,
831 3430 888 3495 sed
912 3449 981 3500 uon
998 3434 1064 3498 tres
1080 3429 1141 3511 Dii,
1158 3430 1240 3516 quia

215 3506 302 3578 ileos
323 3512 448 3580 dieitur
469 3515 685 3582 substantive.
1066 3528 1068 3532 ’

190 3593 261 3668 Art.
286 3600 317 3670 l.
340 3602 390 3673 Ao
411 3606 538 3672 nomino
560 3607 735 3674 essentialia
763 3619 902 3678 condeto
925 3613 1047 3696 possint
1069 3629 1239 3697 supportem

211 3705 270 3772 pro
300 3708 437 3772 parona.
469 3697 504 3780 rt.
531 3693 599 3776 Sio,
624 3701 661 3764 ut
684 3695 769 3766 Deus
792 3701 834 3767 de
857 3699 938 3783 Deo,
960 3703 1047 3770 siout
1069 3704 1169 3770 homo
1190 3701 1237 3768 si-
