2614 4190
240 55 307 126 itt
506 77 553 127 nx
577 75 746 130 securene
770 79 946 133 sennenn

227 191 376 258 Christus
398 192 580 258 secundum
605 195 782 276 perfectam
813 197 975 264 rationem
1012 200 1193 268 filiationis.
1212 206 1264 266 est

226 280 326 347 Filius
347 281 417 358 Dei,
440 301 519 364 ergo
544 301 610 347 non
627 285 725 349 debet
740 285 804 350 dici
822 285 921 352 fitius
941 287 1000 352 Dei
1017 291 1151 356 ratione
1165 309 1263 356 cm·

222 369 342 448 tioniS,
365 371 417 434 vel
442 370 697 437 iustificationis:
729 379 763 439 et
781 393 859 441 cum
895 376 1020 462 aliquid
1054 378 1185 446 dicitur
1218 381 1260 444 de

221 460 333 544 atiquo
356 461 539 525 secundum
565 462 742 544 perfectam
767 465 941 544 nationem,
967 473 1035 532 non
1060 469 1163 542 debet
1189 465 1258 534 dici

219 549 407 614 secundum
430 549 667 635 imperfectam,
693 558 730 622 ut
745 553 906 619 dicuutur
921 555 1158 623 homiuesfifii
1182 555 1257 622 Dei.

195 639 264 707 Art.
291 635 324 703 f.
349 638 400 704 An
429 640 526 706 Beati
553 637 644 723 Virgo
674 643 792 725 otgerii
824 647 920 710 action
955 649 1054 728 sperit
1079 649 1117 712 in
1131 660 1257 712 wucr-

217 731 323 812 ptione
346 732 483 813 corporis
509 729 635 796 Giriati.
659 731 695 813 rt.
719 732 801 811 Non,
824 735 902 817 quia
925 739 993 800 tota
1017 736 1124 810 virtus
1146 733 1257 800 estin

218 837 330 895 marc,
361 823 395 882 et
417 817 544 902 passive
567 819 603 884 in
628 819 780 901 foemina,
815 823 872 888 sed
896 823 994 891 naara
1017 825 1123 910 Virgo·
1144 825 1258 890 sciam

220 906 395 973 materiam
419 908 630 992 ministravit,
654 913 688 972 et
711 911 757 974 nif
781 911 889 977 active
908 919 961 980 est
987 918 1134 998 oparata.

222 999 232 1020 '
258 987 333 1062 Haec
356 997 530 1080 conceptio
553 997 670 1068 hahuit
685 1001 756 1066 tria
779 1000 963 1088 privilegia,
985 1003 1257 1080 scilicet-tutes·
1296 981 1297 1050 i

218 1091 267 1152 set
289 1085 362 1152 sinc
385 1091 519 1170 peccato
526 1106 536 1167 3
559 1089 851 1168 ut·csset1)ei‚et
873 1092 1033 1174 hominis3
1058 1091 1257 1160 etutoeset

218 1176 391 1260 conceptio
414 1176 566 1262 Virginis.
602 1175 685 1245 item
707 1180 751 1245 ad
774 1173 1095 1254 transmutationem
1109 1180 1258 1252 natura·

218 1265 284 1332 lem
307 1265 429 1336 sufficit
451 1265 856 1356 principiumpassirum.
1134 1272 1137 1278 '
1180 1321 1187 1332 .

201 1725 204 1731 “
282 1741 283 1744 “
401 1722 493 1787 De
529 1719 709 1829 mocio
735 1729 800 1788 et
823 1721 1042 1790 ordine

394 1815 817 1892 conceptlonis
842 1813 1097 1883 Christi.

555 1535 733 1623 pensato
750 1489 883 1608 xrxrn
918 1637 921 1650 ἱ
1022 1587 1025 1594 .

199 1989 271 2056 Art.
296 1991 326 2058 f.
349 1990 400 2059 An
428 2009 535 2074 corpas
560 1989 679 2057 Christi
707 1992 805 2074 faerit
831 1993 993 2076 formatam
1016 1994 1052 2058 in
1071 1992 1175 2076 priam
1199 1992 1251 2056 irr-

218 2083 318 2146 itanti
338 2081 553 2164 conceptionis.
577 2082 613 2163 li.
643 2078 819 2164 conceptio
850 2081 912 2146 fuit
935 2081 969 2148 in
1001 2079 1140 2148 instanti
1166 2099 1252 2164 pro·

220 2172 293 2252 pter
315 2169 482 2237 infinitam
505 2169 664 2236 virtutem
688 2171 824 2254 agentis,
851 2170 935 2238 idest
957 2169 1100 2254 Spiritus
1124 2171 1251 2246 saneti,

218 2255 299 2324 licet'
322 2259 472 2326 reductio
489 2267 492 2274 '
507 2259 677 2344 sanguinis
699 2260 743 2327 ad
765 2259 873 2326 focum
896 2259 1119 2346 generationis
1141 2259 1251 2326 fuerit

220 2349 256 2415 in
281 2353 448 2434 tempore;
471 2347 513 2414 ed
537 2347 571 2414 in
596 2349 712 2415 eodem
735 2349 874 2416 instanti
901 2367 1022 2435 corpus
1042 2348 1108 2415 fuit
1128 2367 1253 2414 conoe·

219 2442 315 2523 ptum
338 2444 373 2505 et
393 2443 620 2521 assumptum
650 2442 683 2504 et
707 2437 780 2504 ideo
803 2439 903 2505 Filius
932 2438 992 2506 Dei
1014 2437 1143 2505 dicitur
1165 2455 1252 2506 euu-

222 2531 353 2613 ceptus3
382 2533 416 2594 et
445 2527 566 2594 deinde
595 2526 805 2612 intempore
830 2528 895 2595 fuit
915 2545 992 2595 cum
1016 2526 1250 2598 determinato

220 2619 399 2700 augmento
417 2619 594 2683 formatum
610 2635 714 2702 usque
725 2620 767 2685 ad
784 2622 916 2702 partum
928 2619 971 2685 ab
986 2617 1098 2685 anima
1112 2615 1250 2683 Christi.

221 2707 234 2733 ¹
258 2706 328 2774 Non
352 2706 537 2791 assignatur
559 2705 685 2774 instans
708 2706 743 2773 iu
767 2726 834 2792 quo
856 2705 994 2774 matoria
1017 2705 1072 2774 itta
1087 2706 1151 2772 fnit
1168 2725 1251 2772 sau·

213 2795 293 2882 ¹gnis
315 2801 348 2862 et
377 2814 470 2875 caro,
498 2795 556 2860 sed
579 2795 762 2880 assignatur
797 2797 950 2863 uftimum
982 2798 1114 2880 tempus
1135 2795 1248 2862 muti-

222 2890 363 2952 nuatum
385 2884 590 2953 formationis
628 2885 753 2966 carnis,
777 2885 833 2971 qui
862 2886 925 2951 fuit
948 2885 1110 2953 terminus
1133 2889 1247 2952 motus

221 2976 331 3042 focatis
353 2975 524 3060 sanguinis
545 2976 587 3040 ad
610 2975 719 3042 focum
744 2974 976 3060 generationis.

198 3065 268 3133 Art.
290 3064 322 3133 Ξ.
347 3067 397 3132 An
419 3081 527 3150 corpere
551 3065 668 3133 Ctricti
695 3067 793 3150 fcerit
811 3067 983 3132 nninnnn
1014 3066 1175 3147 inprime
1198 3067 1250 3130 in·

220 3158 318 3222 sterni
339 3173 400 3222 sne
421 3158 637 3240 conceptionis.
661 3158 697 3239 rt.
721 3156 784 3233 Sic,
803 3155 881 3221 alias
905 3174 973 3221 non
1003 3153 1172 3220 diceretur
1196 3153 1250 3219 ri-

222 3245 286 3311 fius
315 3244 373 3312 Dei
406 3251 585 3329 conceptus
618 3245 660 3310 do
694 3243 819 3327 Spiritu
847 3247 980 3322 sancio,
1013 3243 1091 3328 quin
1123 3260 1247 3326 corpus

222 3333 397 3420 assumpsit
425 3334 592 3401 mediante
627 3333 753 3421 anima,
782 3338 816 3399 et
845 3335 933 3400 hanc
954 3333 1121 3400 mediante
1148 3330 1248 3398 intef-

221 3425 320 3492 fectu.

223 3515 238 3544 *
261 3513 296 3580 in
328 3513 541 3598 generatione
579 3511 752 3580 hominum
786 3519 835 3580 cst
873 3511 964 3597 prins
998 3518 1031 3578 et
1067 3510 1244 3595 posternam

224 3605 282 3670 sed
298 3619 423 3686 corpus
436 3601 565 3669 ¹t'frrisii
587 3601 684 3668 simut
709 3602 886 3686 perfectam
909 3601 1057 3672 animaru
1079 3600 1215 3685 accepit.
