2608 4220
234 67 302 154 uc
544 102 587 154 ιιιι
606 79 872 156 surruuueuro

527 361 705 450 Quasrro
734 361 867 432 xxxiv.

308 548 400 613 De
424 551 814 613 sacramento
841 543 1109 624 Ordinis,

190 637 388 720 quoad
412 640 546 704 eius
572 639 906 703 essentiam
922 641 985 700 et
999 637 1231 716 parte-S.

189 815 257 884 Art.
281 814 312 884 l.
335 814 384 883 Aa
399 815 472 882 ordo
496 816 532 882 ιἰι
553 811 688 881 Ecclesia
711 834 771 882 essa
794 813 905 882 deleat.
930 814 965 898 rt.
990 811 1059 892 Sic,
1083 809 1163 896 quia
1187 811 1234 874 est

210 926 229 973 a
252 905 328 984 Deo,
352 905 454 972 etsie
476 907 526 972 est
547 905 717 986 ordinata;
740 905 825 972 sieut
847 904 884 970 in
907 907 1049 982 natura,
1072 906 1107 973 et
1129 898 1235 986 glorio

210 1000 259 1062 est
281 996 373 1062 ordo.

211 1085 223 1109 ”
246 1083 336 1152 Ordo
359 1085 395 1152 iu
420 1083 559 1152 Ecclesia
587 1089 637 1151 est
670 1086 854 1153 secundum
883 1084 1077 1168 potestatem
1102 1079 1236 1163 dispeu-

209 1176 303 1241 saudi
326 1179 542 1254 sacramente,
566 1178 600 1240 et
622 1195 691 1244 nou
713 1176 898 1242 secuudum
922 1176 1012 1241 dona
1042 1169 1232 1246 naturalia,

210 1285 274 1332 nec
295 1264 479 1330 secuudum
502 1263 642 1348 gratiam
665 1270 797 1350 gratum
824 1264 1009 1332 facientem.

188 1353 256 1422 Art.
280 1353 311 1420 2.
336 1353 385 1420 Αιι
408 1355 622 1420 conuenienter
644 1355 718 1422 ordo
740 1355 915 1440 mfioiotor.
941 1355 977 1438 rt.
1000 1350 1063 1432 Sic,
1085 1348 1169 1416 ordo
1184 1348 1235 1412 est

210 1443 415 1529 signaculum
440 1443 608 1527 quoddam
631 1443 790 1526 Ecclesiae,
815 1464 880 1530 quo
895 1440 1076 1529 spiritualis
1092 1440 1234 1524 potestas

207 1533 353 1598 traditur
375 1531 539 1600 ordinato.

210 1623 222 1650 ’
247 1621 460 1727 signaculum
484 1643 553 1690 nou
568 1625 633 1690 stat
649 1642 709 1708 pro
724 1626 925 1704 charactere,
940 1623 999 1688 sed
1014 1640 1077 1705 pro
1092 1639 1131 1686 co
1142 1615 1233 1702 quod

210 1709 355 1778 exterius
377 1712 516 1796 geritur,
539 1717 572 1779 et
596 1715 731 1780 eftectus
745 1719 795 1782 est
810 1713 944 1780 traditio
959 1712 1140 1795 potestatis.
1152 1707 1233 1774 ltem

210 1805 318 1886 potest
339 1801 439 1868 eliam
461 1801 565 1888 accipi
588 1822 649 1888 pro
671 1807 872 1885 charactere,
896 1804 952 1888 qui
976 1804 1026 1867 est
1048 1818 1112 1880 res,
1135 1801 1171 1864 et
1184 1813 1235 1862 sa·

210 1895 429 1958 crementum.
1289 1939 1290 1972 ,

187 1979 258 2049 Art.
284 1981 316 2050 3.
338 1980 389 2049 Ao
411 1979 483 2048 ordo
498 1984 544 2050 rit
558 1990 788 2053 oeramentum.
814 1986 849 2070 el.
865 1981 929 2062 Sic,
943 1981 1021 2066 quia
1036 1983 1087 2048 est
1108 1973 1232 2046 sancti·
1289 1977 1290 1986 ’

209 2071 318 2138 ficatio
341 2071 486 2138 hominis
507 2092 568 2178 per
590 2073 724 2160 aliquod
745 2075 879 2159 signum
901 2070 1068 2140 sensibile.

210 2159 322 2226 Aliae
344 2161 630 2246 consecrationes,
664 2169 702 2230 ut
726 2183 852 2250 regum,
878 2181 947 2230 non
971 2163 1050 2228 sunt
1076 2158 1232 2232 ordines,

209 2249 380 2335 quianon
404 2251 606 2318 ordinantur
639 2254 683 2320 ad
705 2253 986 2358 dispensationem
1011 2250 1233 2316 sacramento·

209 2357 297 2406 rom.
286 2339 413 2496 3bl'tem,
436 2360 499 2408 uec
521 2343 629 2424 ordo
619 2363 655 2408 ιιι
671 2342 811 2428 Angelis,
834 2341 996 2428 quianon
1012 2359 1073 2424 per
1099 2338 1230 2423 siguum

209 2449 362 2496 sensere

188 2519 257 2588 Art
280 2519 312 2588 l.
335 2519 386 2586 Aa
408 2519 508 2604 [ormo
529 2522 621 2591 tulos
642 2527 826 2591 sacrementi
847 2523 1062 2592 cocoeuieutcr
1081 2519 1232 2602 scalmo·

182 2606 275 2678 tur.
300 2612 334 2695 el
359 2607 423 2688 Sic,
440 2611 517 2696 quia
540 2613 576 2681 iu
599 2615 706 2680 torma
728 2615 927 2698 exprimitur
943 2631 1020 2679 usus
1031 2609 1160 2678 ordinis
1176 2622 1232 2692 per

210 2706 312 2777 aetus,
335 2703 369 2765 et
391 2702 535 2769 traditur
569 2709 710 2786 poteslas
739 2723 799 2789 per
821 2702 1055 2790 imperativum
1083 2699 1227 2774 modum,

210 2795 244 2856 et
266 2809 344 2856 usus
367 2794 417 2856 est
439 2810 536 2858 causa
561 2793 680 2858 finalis.

188 2877 255 2948 Art.
278 2880 310 2948 ὅ.
332 2879 382 2948 Au
404 2883 459 2949 too
480 2890 702 2950 sacromentum
723 2883 833 2953 tabeat
851 2886 1022 2952 materiam.
1048 2881 1083 2966 rt.
1107 2878 1183 2958 Sic,
1200 2875 1231 2940 cl

208 2974 288 3037 sunt
310 2990 362 3036 res
384 2971 624 3061 traditaeque
647 2974 783 3041 materia
809 2973 1012 3042 determinat
1027 2973 1230 3068 potestatem

210 3059 410 3128 Porreclio
433 3062 580 3129 materiae
602 3067 652 3130 est
674 3064 776 3149 magis
799 3065 841 3131 de
856 3063 996 3130 essentia
1023 3053 1229 3130 sacramenti,

209 3170 310 3256 quam
334 3153 449 3231 taetra,
472 3153 549 3237 quia
573 3157 713 3238 potestas
736 3175 805 3222 uon
828 3176 848 3221 a
870 3151 1026 3230 materia,
1050 3149 1108 3216 sed
1131 3168 1151 3215 a
1174 3143 1232 3213 mi·

211 3241 316 3308 nistro
340 3241 506 3310 traditur·
529 3261 649 3309 verum
672 3245 774 3311 verba
797 3245 911 3312 iormse
940 3241 1104 3308 videnlur
1126 3241 1232 3304 osten·

210 3329 311 3410 dere,
346 3331 436 3416 quod
459 3332 558 3399 etiam
581 3336 687 3398 tactus
708 3333 751 3398 sit
773 3335 816 3400 de
844 3330 985 3402 essentia
1011 3323 1231 3400 sacramenti,

83 3438 85 3444 ·
210 3417 294 3488 dum
317 3419 440 3492 dicitur
462 3425 574 3508 accipe
596 3423 669 3505 hoe,
692 3423 745 3491 vel
769 3423 860 3495 illud.
