2636 4202
260 203 302 270 it
573 217 617 265 ax
642 214 754 266 raian
780 213 898 265 rainae

222 315 472 332 w

237 373 418 459 aequaliter,
449 371 507 436 sed
538 369 674 435 inferior
703 367 910 432 illuminatur
936 385 959 437 a
985 365 1166 449 superiore.
1191 365 1262 448 Ny-

235 464 372 529 sierium
397 458 635 526 incarnationis
659 459 693 522 in
717 456 862 542 generali
889 456 953 522 suit
975 455 1129 522 omnibus
1151 453 1262 540 Ange·

237 554 275 618 lis
298 572 316 618 a
341 550 503 638 principio
528 549 720 614 revelatum.

585 698 763 811 erasae
787 671 884 797 aviri.

218 915 310 979 De
335 910 514 976 modo
539 907 905 988 cognitionis
931 908 1264 987 Angelioae.

213 1090 281 1159 Ari.
306 1089 336 1157 i.
360 1087 409 1156 Ae
432 1087 602 1155 intellectae
624 1085 735 1171 arpen
762 1085 926 1170 aliquanda
958 1089 1003 1152 sit
1033 1089 1068 1153 in
1099 1090 1261 1170 patentia,

85 1187 89 1194 '
146 1219 147 1222 =
236 1179 398 1263 elipando
433 1183 467 1244 ie
502 1186 581 1245 aetra.
612 1180 648 1262 ri.
677 1178 789 1262 Angeii
824 1177 911 1242 eirea
941 1196 993 1254 ea,
1021 1195 1095 1261 quae
1116 1182 1198 1242 aunt
1221 1177 1261 1244 in

237 1270 358 1346 Verbo,
382 1288 512 1350 semper
533 1272 613 1333 sunt
635 1268 669 1332 in
695 1273 781 1346 aetu,
805 1267 882 1351 quia
905 1273 954 1332 est
977 1267 1146 1335 beatitudo
1168 1264 1262 1333 eirea

235 1379 283 1438 ee,
308 1378 382 1443 quae
406 1356 603 1424 naturaliter
624 1361 844 1442 cognoscunt:
870 1374 938 1424 non
960 1359 1039 1422 sani
1055 1356 1089 1420 in
1108 1357 1263 1439 potentia

236 1452 398 1530 respeetu'
418 1446 563 1526 habitus,
594 1446 672 1530 qnia
703 1448 827 1512 habent
856 1444 992 1528 speeies,
1023 1445 1083 1512 sed
1105 1451 1262 1528 respectu

226 1539 343 1615 ·aeius;
372 1537 430 1603 sed
461 1536 548 1602 eirea
576 1541 640 1614 est,
670 1555 745 1619 quaa
774 1537 897 1608 habent
921 1534 1263 1616 per-revelationem,

233 1629 315 1694 sani
338 1625 372 1690 in
397 1625 542 1708 patentia
567 1631 723 1708 respaetu·
740 1625 885 1701 habitus,
910 1623 944 1690 id
967 1626 1033 1701 esi,
1049 1629 1092 1690 ‘ut
1115 1623 1261 1690 discant.

112 1712 116 1717 ’
214 1714 282 1782 Art.
298 1716 339 1780 2.
363 1713 412 1780 Aa
434 1713 569 1798 arpena
590 1717 686 1798 pessit
705 1715 799 1782 simut
820 1716 926 1781 mette·
939 1713 1121 1797 iutellipere.
1141 1715 1177 1797 ri.
1192 1713 1262 1794 Sia,

235 1823 309 1890 quae
334 1809 615 1888 repraesentamur
638 1806 737 1871 uniea
758 1805 876 1888 sperne
898 1805 956 1870 sed
979 1824 1059 1882 non,
1075 1805 1102 1868 si
1118 1803 1263 1868 diversis

236 1893 425 1978 cognitIone
449 1895 596 1960 beatifica
619 1899 822 1978 eognasauni
844 1892 957 1960 emnia
979 1893 1095 1973 simul,
1119 1892 1197 1976 quia
1222 1895 1260 1959 iu

238 1986 336 2049 unica
358 1984 475 2065 speeie,
500 1985 534 2049 id
558 1987 616 2062 esi,
640 1983 778 2049 essentia
802 1983 929 2049 divina.

215 2072 283 2138 Art.
308 2073 338 2138 3.
362 2073 411 2139 Ae
434 2071 545 2156 inpete·
567 2080 750 2154 copnoscant
770 2071 975 2139 discurrendo.
1007 2074 1043 2158 ri.
1067 2071 1154 2151 Nan,
1179 2074 1261 2160 quie

237 2181 304 2226 non
330 2181 370 2225 ex
393 2183 462 2228 une
484 2164 526 2226 ad
549 2162 639 2226 aliud
663 2163 859 2246 procedunt,
875 2163 951 2230 lieet
968 2181 1072 2230 unum
1089 2181 1148 2246 per
1165 2163 1261 2231 aliud

236 2257 445 2332 cognoscant.

214 2337 282 2406 Art.
306 2339 339 2406 i.
367 2338 416 2406 Aa
441 2338 554 2424 ispali
582 2341 764 2425 ietettipaat
789 2341 947 2411 dividenda
982 2350 1014 2410 et
1044 2344 1261 2434 componendo.

236 2430 273 2514 ri.
295 2428 381 2507 Non,
411 2431 489 2515 quia
518 2438 722 2514 cognoscunt
755 2433 868 2500 omnia
893 2433 1052 2501 attributa
1084 2436 1119 2502 in
1147 2436 1261 2518 prima

235 2519 496 2602 apprehensione
519 2521 649 2601 objeeii.

211 2605 280 2676 Art.
304 2609 335 2675 5.
358 2607 408 2675 An
431 2612 466 2675 in
489 2610 646 2712 intellectu
667 2610 780 2697 Appen
800 2617 899 2696 parsit
918 2633 978 2680 assa
993 2613 1167 2704 [nisenii.
1184 2614 1259 2680 Non

234 2717 293 2779 per
320 2700 487 2782 nequead
517 2701 696 2780 naturalia,
719 2704 777 2768 sed
801 2705 913 2787 quoad
931 2703 1196 2787 supernaturalia
1222 2704 1259 2770 in

234 2787 328 2852 maiis
350 2789 482 2872 Angelis
504 2790 564 2870 sie,
589 2795 622 2856 et
646 2811 705 2875 per
725 2792 893 2871 accidens,
916 2792 994 2877 quia
1018 2812 1173 2877 perversa
1197 2811 1261 2860 vo·

233 2876 361 2944 laniate
383 2881 575 2948 subducunt
604 2879 808 2950 intellectum
831 2883 866 2952 in
892 2882 1002 2962 bonis,
1032 2903 1100 2950 nen
1123 2882 1182 2966 qui
1204 2901 1261 2949 se·

233 2967 383 3032 eundum
406 2968 522 3037 Deum.
940 3027 945 3038 .

209 3053 278 3122 Art
302 3054 333 3122 6.
357 3055 407 3124 An
430 3061 465 3126 ie
486 3059 613 3146 inpetis
635 3065 679 3128 ait
698 3064 833 3148 coepitio
849 3065 1013 3144 meinana,
1028 3069 1060 3130 et
1073 3065 1260 3147 vespertine.

234 3145 270 3228 ri.
304 3145 373 3225 Sie,
407 3150 484 3233 quia
518 3152 553 3217 in
588 3152 694 3221 Verba
725 3173 779 3220 res
808 3159 858 3218 est
881 3153 1060 3234 matutina,
1083 3154 1119 3219 in
1142 3153 1261 3238 seipsis

232 3236 433 3319 vespertina.

209 3323 277 3392 Art.
302 3325 332 3392 7.
357 3325 406 3394 An
429 3332 565 3415 cognitio
588 3333 742 3398 matutine
764 3340 795 3398 et
814 3336 987 3416 vespertine
1009 3337 1051 3401 sit
1073 3353 1145 3400 ana.
1163 3335 1200 3418 ri.
1218 3332 1257 3401 in

233 3418 330 3483 modo
356 3416 492 3484 videndi
515 3426 594 3486 sunt
617 3423 693 3501 duo,
717 3422 793 3489 lieet
816 3426 944 3508 objecto
967 3423 1174 3491 sintunum.
