2604 4210
271 117 337 184 358
524 132 571 182 ex
595 129 762 184 saonam
780 129 964 189 arcerem

251 270 285 352 rt.
309 264 373 350 Sio,
397 266 450 331 vel
474 269 622 346 mortale,
646 267 698 332 vel
721 266 867 346 veniale3
892 285 969 332 nam
994 267 1046 332 vel
1069 267 1177 333 estin
1205 268 1279 351 ipsa

209 417 211 422 .
248 357 355 442 speeie
378 355 559 436 actionum,
573 361 611 423 ut
633 376 710 423 eum
732 356 805 441 quis
835 357 941 423 utitur
964 356 1075 423 verbis
1097 357 1153 422 vel
1179 358 1280 422 taelis

248 447 411 531 turpibus,
434 447 486 512 vel
510 447 571 526 his,
587 467 661 532 quae
677 447 828 531 proximo
845 450 978 530 nocent,
997 452 1030 512 et
1045 449 1095 512 est
1108 449 1276 526 mortale;

249 537 302 603 vel
318 555 359 602 ex
381 535 637 619 circumstantia,
654 543 691 602 ut
707 536 873 620 temporie,
896 537 969 614 loei,
993 555 1156 621 personae,
1172 541 1213 601 et
1228 541 1279 602 eet

233 626 394 706 ·veniale;
411 625 475 691 nisi
499 627 578 692 velit
600 647 696 711 agere
719 631 836 694 eontra
858 626 974 706 Deum,
991 627 1044 693 vel
1066 626 1280 711 proximum,

250 715 328 801 quia
351 717 603 782 essetmortale.

251 804 266 833 *
289 804 442 873 Ollieium
471 806 697 890 hystrionum‚
721 806 812 891 quod
841 805 1017 872 ordinatur
1045 806 1087 872 ad
1115 806 1281 872 solatium

252 894 442 964 hominihus
465 897 701 978 exhibendum,
726 916 794 963 non
818 900 867 960 est
889 915 930 960 ex
952 915 986 961 se
1015 894 1186 970 illicitum,
1217 915 1295 966 neel

227 1023 231 1030 κ
250 985 312 1070 ipsi
334 989 414 1050 sunt
436 986 472 1051 in
495 989 582 1051 statu
607 986 741 1068 peceati,
766 986 864 1052 modo
888 987 1057 1051 moderate
1076 986 1156 1052 ludo
1172 989 1281 1051 utan-

250 1079 322 1154 tur;
347 1074 425 1158 quia
447 1077 489 1141 ad
504 1096 553 1154 ea,
569 1081 737 1161 quaesunt
753 1076 847 1140 utilia
858 1074 1100 1142 conversationi
1115 1071 1295 1146 bomanel

253 1168 391 1248 possunt
414 1167 565 1248 deputari
590 1166 698 1250 aliqua
723 1165 811 1230 licita
835 1165 951 1234 oilioia.
1294 1175 1295 1178 ’

229 1255 298 1324 Art.
322 1253 353 1322 l.
377 1251 426 1321 Ao
448 1259 498 1322 io
518 1255 634 1340 desorto
657 1255 721 1322 lodi
748 1258 791 1320 sit
812 1255 935 1338 oliqood
958 1262 1123 1340 peceatum.
1149 1257 1185 1340 rt.
1213 1254 1295 1346 Sic„

253 1343 331 1431 quia
354 1347 403 1408 est
430 1349 546 1411 eontra
576 1345 750 1420 rationem,
774 1349 812 1409 ut
834 1345 908 1429 quis
930 1365 965 1411 se
993 1347 1064 1412 aliis
1092 1357 1295 1430 onerosum}

253 1433 418 1516 exhibeat,
440 1453 474 1504 v.
497 1457 528 1522 g.
551 1455 628 1502 oum
653 1435 699 1500 nil
722 1434 915 1501 delectabile
937 1435 1080 1516 exhibet,
1095 1437 1148 1503 vel
1174 1434 1295 1501 etiam*

253 1524 393 1590 aliorum
417 1527 601 1594 moderatas
624 1524 857 1592 delectationes
880 1525 1035 1610 impedit,
1048 1531 1097 1594 est
1114 1526 1209 1594 enim
1227 1523 1282 1590 vi-

254 1614 375 1681 tiosum
397 1617 433 1684 in
457 1619 556 1684 rehus
579 1615 745 1696 humanis,

586 1793 767 1880 QUAEsrlo
789 1792 915 1860 (thlll.

536 1979 628 2042 De
652 1974 968 2044 modestia.

232 2163 301 2231 Art.
326 2159 356 2227 l.
379 2158 428 2226 Aa
450 2159 533 2224 eirea
568 2156 748 2222 exteriorem
782 2158 925 2220 oroatom
952 2155 1050 2236 poerit
1074 2171 1135 2221 esar
1155 2157 1280 2237 virtus,

255 2254 302 2318 ool
322 2253 442 2317 vitiam.
467 2249 502 2333 ri.
525 2246 586 2325 Sie,
610 2245 687 2327 quia
710 2245 745 2308 in
770 2261 808 2308 eo
832 2247 879 2308 est
918 2245 1070 2309 honestas
1098 2249 1132 2310 et
1153 2245 1279 2311 vitium

256 2343 412 2426 exparte
436 2335 595 2414 hominis,
619 2333 676 2418 qui
705 2334 888 2411 moderate,
913 2333 965 2397 vel
995 2333 1215 2399 immoderate
1240 2355 1279 2399 eo

257 2432 362 2498 utitur
369 2448 379 2511 ;
402 2428 455 2494 vel
479 2427 514 2491 in
538 2423 782 2508 comparatione
804 2422 847 2487 ad
870 2423 1145 2489 consuetudinem
1169 2425 1278 2490 homi·

258 2540 351 2597 num,
374 2538 451 2586 oum
474 2514 593 2601 quihus
611 2513 708 2592 vivit;
733 2512 785 2576 vel
809 2531 850 2576 ex
867 2512 1058 2578 inordinato
1073 2514 1194 2580 affeetu
1210 2533 1278 2598 quo

257 2610 379 2688 utitur,
407 2627 439 2674 v.
465 2625 501 2690 g.
530 2604 557 2668 si
592 2623 633 2668 ex
666 2603 832 2685 superfluo
867 2620 928 2666 usu
960 2602 1102 2668 vestium
1137 2601 1278 2686 gloriam

259 2699 389 2785 quaerit,
413 2697 466 2762 vel
489 2692 631 2772 delicias,
655 2711 732 2758 oum
755 2694 861 2757 vestes
883 2691 951 2756 sint
966 2692 1128 2758 ordinatae
1145 2693 1189 2757 ad
1204 2711 1278 2758 eor·

258 2787 347 2873 poris
376 2788 578 2864 lomentum
601 2782 654 2847 vel
685 2801 726 2846 ex
756 2781 859 2846 nimia
887 2781 1132 2862 solleoitudine;
1156 2781 1279 2865 quihus

258 2878 437 2962 opponitur
460 2873 637 2950 humilitas,
661 2869 874 2952 sufficientia,
898 2870 1104 2952 simplieitas;
1128 2870 1210 2935 item
1235 2890 1275 2934 ex

257 2969 400 3046 delectu,
424 2967 459 3032 id
481 2967 539 3044 est,
562 2962 590 3028 si
614 2981 682 3028 non
705 2959 841 3026 adhibet
863 2960 1027 3042 studium,
1060 2960 1150 3046 quod
1179 2979 1277 3044 opor·

258 3061 318 3138 tet,
340 3058 393 3122 vel
415 3057 443 3122 si
466 3074 543 3120 eum
567 3053 609 3118 ad
632 3051 768 3136 gloriam
791 3051 934 3116 ordinat.

258 3147 273 3180 *
296 3147 375 3212 ltem
398 3147 434 3212 in
457 3143 618 3228 dignitate
640 3139 820 3216 constituti,
836 3145 870 3205 et
893 3139 1037 3206 ministri
1060 3137 1176 3206 Altaria
1200 3157 1277 3222 pre·

235 3259 238 3266 ·
260 3235 439 3303 tlosiseimis
454 3231 600 3298 vestibus
615 3230 815 3309 induuntur,
829 3249 896 3295 non
913 3230 955 3295 ad
978 3231 1112 3296 inanem
1129 3229 1277 3314 gloriam,

259 3329 323 3392 sed·
339 3327 381 3392 ad
415 3321 665 3407 significandam
700 3319 928 3385 excellentiam
954 3320 1005 3385 sui
1041 3319 1217 3386 ministerii
1246 3322 1278 3383 et

259 3417 366 3482 cultus
389 3412 507 3480 divini.
532 3411 611 3476 ltem
636 3409 781 3475 deiectus
805 3408 840 3474 in
864 3409 915 3474 his
931 3429 998 3475 hon
1023 3415 1072 3474 est
1094 3411 1276 3493 peceatum,

259 3506 286 3570 si
309 3507 366 3571 fiat
389 3505 430 3569 ad
454 3499 709 3567 macerationem
721 3501 841 3578 carnia,
855 3499 907 3563 vel
931 3498 1195 3567 humiliationem
1210 3499 1275 3583 spi-

261 3596 354 3674 ritus,
376 3611 469 3659 secus
491 3591 519 3656 si
542 3590 599 3654 liat
621 3591 756 3672 propter
777 3587 981 3670 iactantiam,
998 3590 1052 3655 vel
1074 3587 1273 3673 superbiam.

237 3683 339 3749 ‘ltem
363 3699 513 3750 excessus
541 3682 575 3745 et
595 3678 743 3745 delectus
766 3677 908 3744 vestium
931 3680 1102 3748 reducitur
1125 3677 1168 3746 ad
1191 3676 1274 3744 veri·
