2604 4210
282 119 348 190 ttt
538 133 585 185 ux
610 133 777 188 secunus
803 133 982 194 sueonum

259 272 369 341 anima
392 290 460 338 nou
483 269 598 338 debuit
631 270 768 351 assumi,
792 270 855 338 nisi
879 269 974 339 uuita
1009 269 1111 347 carni,
1134 269 1189 338 sic
1226 290 1284 338 nee

260 368 385 430 contra.

298 452 334 518 ln
359 450 487 519 Christo
509 448 649 535 Spiritus
671 454 805 519 sanctus
829 449 928 518 unico
954 449 1092 517 insterni
1107 451 1284 516 materiam

259 541 429 626 disposuit,
451 544 486 606 et
508 540 654 624 perfecit.
676 541 756 607 ltcm
782 545 895 609 nostra
918 559 995 606 caro
1017 540 1110 624 prius
1131 539 1285 625 concipi·

260 636 326 710 tur,
349 649 447 724 quam
470 631 647 711 animetur,
664 652 732 698 uon
755 631 802 696 sic
825 631 878 696 illa
894 629 1024 697 Christi.
1041 630 1120 695 ltem
1133 629 1298 720 vernum,

261 721 353 804 prius
377 726 495 787 natura
517 720 715 804 intelligitur
737 720 871 786 unitum
906 719 1011 798 carni,
1034 738 1133 804 quam
1159 720 1298 784 anime*

259 811 444 877 secundum
478 810 614 876 modum
637 829 851 877 communen
887 809 1015 875 essendi
1051 809 1086 874 in
1111 809 1284 885 omnibus,

261 920 327 967 non
351 900 535 967 secuudum
559 900 731 982 proprium
755 900 925 984 personale
948 916 1026 964 esse.

238 991 306 1059 Art.
331 989 362 1057 5.
386 987 435 1058 An
460 995 523 1056 totu
544 991 676 1057 humone
698 997 812 1059 nutura
834 991 880 1057 att
899 994 1053 1072 assumpte
1079 987 1286 1054 mediocrine

258 1080 408 1166 partitas.
434 1080 469 1163 li.
492 1079 561 1146 Non
585 1083 743 1163 tempore,
768 1079 845 1164 quia
868 1077 980 1146 omnia
1013 1078 1122 1155 simul,
1146 1078 1214 1143 sed
1237 1096 1298 1158 or·,

261 1171 340 1239 diue
363 1173 507 1248 uaturae,
532 1168 615 1236 idest
639 1169 805 1236 mediante
835 1173 903 1235 toto
937 1167 1063 1250 accepit
1096 1171 1212 1251 partes
1236 1186 1298 1238 ιιι-ι

206 1329 209 1336 ,
261 1259 341 1327 dine
363 1257 568 1337 intentionis,
593 1263 627 1324 et
649 1263 766 1326 contra
790 1259 909 1326 ordine
931 1257 1146 1324 executionis.
1297 1259 1298 1280 .

240 1350 307 1418 Art.
331 1349 363 1417 6.
386 1348 436 1416 Ac
458 1351 591 1416 humone
614 1357 728 1417 nutura
750 1352 795 1416 stt
816 1354 968 1432 assumpto
991 1347 1141 1414 mutuus
1169 1347 1298 1431 pretim

264 1442 299 1524 ri.
322 1440 392 1506 Nou
415 1440 521 1522 gratia
545 1438 715 1518 habituali,
738 1439 816 1524 quia
838 1443 887 1504 est
909 1436 1072 1516 accidens,
1089 1439 1123 1502 et
1145 1438 1298 1504 ccccm

261 1527 403 1595 unionis.
428 1528 508 1593 ltem
532 1527 637 1612 gratia
661 1529 793 1595 unionis
809 1535 857 1594 esl
879 1528 988 1611 ipsum
1012 1544 1081 1592 esse
1096 1527 1298 1610 personale,

261 1619 351 1704 quod
373 1622 422 1684 est
445 1616 608 1684 terminus
632 1617 781 1698 unionis,
805 1622 838 1683 et
862 1637 929 1685 nou
954 1616 1117 1696 medium,
1140 1617 1204 1682 scd
1230 1635 1287 1699 per

260 1707 410 1792 gratiam,
434 1725 510 1790 quee
533 1711 582 1772 est
605 1708 757 1773 voluntas
773 1707 848 1788 Dei;
872 1725 946 1791 quae
969 1705 1070 1790 gratis
1093 1705 1227 1791 aliquid
1243 1705 1288 1770 ia·

260 1797 316 1874 cit,
341 1816 408 1863 non
433 1816 491 1880 per
517 1796 672 1874 medium,
689 1797 746 1862 sed
770 1816 829 1880 per
852 1815 982 1864 causam
1005 1796 1221 1862 efficientem.
1297 1845 1298 1852 .

262 1888 272 1912 *
298 1884 379 1952 Uuio
411 1891 523 1954 nostra
545 1887 588 1952 ad
610 1887 716 1952 Deum
738 1887 776 1951 lit
806 1906 865 1970 per
887 1885 1130 1970 operationem,
1153 1888 1188 1950 et
1213 1885 1287 1950 ideo

261 1977 300 2041 lit
335 1995 395 2058 per
429 1976 582 2062 gratiam:
606 1981 641 2041 et
673 1974 779 2060 gratia
807 1980 856 2042 est
887 1975 1043 2058 perfectio
1072 1972 1286 2042 accidentalis

262 2083 421 2150 corporis.

629 2240 810 2327 oonsno
832 2243 893 2314 ιιι.

305 2425 396 2492 Do
421 2425 617 2504 gratia
641 2425 892 2505 Christi,
917 2430 1103 2508 prout
1127 2430 1228 2493 est

351 2514 595 2594 quidam
619 2513 947 2594 singularis
971 2520 1173 2582 homo·

238 2689 308 2759 Art.
334 2693 363 2761 l.
387 2690 437 2760 Αιι
459 2693 496 2758 tn
519 2693 623 2758 culmo
648 2691 766 2760 Cbmstt
786 2695 954 2778 siluitque
975 2696 1080 2778 pretio
1108 2692 1285 2762 bubituulis.

264 2783 288 2866 ri
322 2780 392 2861 Sic,
416 2781 494 2867 quia
528 2801 587 2866 per
621 2783 827 2866 operationes
860 2784 1073 2867 cognitionis,
1096 2787 1130 2850 et
1165 2783 1285 2852 amoris

261 2871 451 2957 propinque
473 2871 579 2938 Deum
603 2871 801 2957 attingebat,
832 2872 890 2938 sed
920 2873 1031 2941 anima
1058 2893 1118 2958 per
1146 2874 1285 2960 gratiam

260 2961 388 3027 adhoc
421 2962 579 3041 elevatur,
603 2966 638 3028 et
661 2964 731 3029 haec
767 2962 976 3032 redundabat
1011 2962 1046 3030 in
1069 2963 1165 3049 alios,
1190 2969 1229 3030 ut
1267 2983 1285 3030 a

261 3050 452 3116 mediatore.

263 3137 274 3163 *
298 3139 413 3206 Anima
437 3139 556 3208 Christi
586 3161 654 3208 nou
678 3143 750 3207 erat
783 3139 898 3208 diviua
922 3159 980 3226 per
1003 3141 1197 3223 essentiam,
1228 3143 1284 3210 sed

263 3248 321 3311 per
344 3229 640 3314 participationem,
662 3232 696 3294 et
719 3233 910 3314 peractum
933 3237 1081 3298 creatum
1110 3233 1284 3300 fruebatur

260 3318 338 3396 Deo,
354 3324 387 3385 et
409 3326 479 3386 erat
499 3320 758 3387 instrumentum
778 3322 961 3388 animatum
975 3320 1170 3400 divinitatis,
1194 3323 1282 3407 quod

263 3412 389 3473 motum
413 3431 431 3474 a
455 3410 559 3493 gratia
582 3411 709 3492 agebat.

240 3495 307 3564 Art.
331 3495 363 3565 2.
389 3496 435 3564 ltu
458 3501 494 3565 ic
518 3497 638 3564 Christo
660 3501 781 3582 facim
808 3501 948 3568 sistetur.
973 3503 1008 3586 ἠ.
1030 3500 1083 3568 Sic
1104 3519 1181 3586 que
1205 3503 1282 3568 llue·

265 3587 346 3652 bant
369 3606 388 3653 a
411 3587 526 3671 gratia,
549 3590 583 3653 et
605 3588 820 3671 perficiebant
836 3590 1055 3675 potentius,et
1076 3591 1282 3668 fuerunthe·

264 3673 352 3741 reice
374 3675 458 3746 idest
480 3676 714 3768 perlectissimo
729 3677 836 3754 modo.
