2614 4190
275 108 340 178 aaa
529 128 576 182 ax
600 128 767 186 sucuuoa
792 129 969 184 snouuora

255 245 267 270 *
291 245 453 313 Ieiunium
477 248 576 314 debet
598 268 666 315 esse
688 249 849 318 naturale.
871 247 954 315 Item
970 247 1118 333 reliquiae
1134 247 1279 330 cibi,sa·

255 335 333 416 liva‚
357 336 411 401 vel
434 356 519 423 aqua
540 339 623 404 dum
644 337 791 405 abluitur
805 358 851 420 os,
866 338 894 404 si
909 337 1111 423 deglutiatur
1126 358 1189 424 per
1204 357 1279 404 mo·

254 425 336 490 dum
359 425 482 508 salivae,
504 427 532 493 si
556 448 624 495 non
648 431 696 494 est
719 447 842 513 magna
866 429 1049 514 quantitas,
1073 447 1145 494 non
1168 429 1279 514 impe·

252 515 362 580 diunt.
387 514 477 594 ltem,
494 517 625 584 estdies
647 539 666 584 a
689 517 798 584 media
822 521 928 597 nocte,
942 538 1005 584 nec
1027 517 1130 583 refert
1151 517 1179 584 si
1203 536 1279 584 non

253 605 423 672 dormivit.
446 607 529 673 Item
552 610 626 691 post
647 608 870 691 sumptionem
894 609 933 674 lit
951 607 1060 690 aliqua
1076 626 1181 685 mora,
1197 606 1280 674 ideo

252 695 413 761 dicuutur
437 696 601 762 orationes
617 696 652 763 in
677 699 773 763 missa
796 701 869 780 post
889 697 1123 781 sumptionem.

230 782 299 852 Art.
324 783 356 851 9.
379 781 431 851 Ao
452 802 517 853 aron
539 785 682 854 talento
713 806 802 854 osum
832 789 965 853 rationis
993 785 1120 853 dcleont
1150 803 1282 854 sumere

251 877 308 943 laoc
329 882 564 944 sacramentum.
589 877 626 962 ll.
648 875 683 942 Si
717 895 902 962 numquam
934 878 1136 955 habuerunt,
1178 895 1279 956 non;

249 964 309 1050 qui
331 963 509 1049 aliquando
533 967 734 1043 habuerunt,
759 970 792 1032 et
831 964 985 1051 apparuit
1006 965 1140 1050 signum
1164 965 1277 1031 devo·

251 1053 351 1121 tionis
375 1073 436 1140 pro
459 1058 524 1124 hoc
545 1061 754 1122 sacramento
779 1056 814 1121 in
837 1058 955 1135 morte,
979 1059 1027 1122 est
1050 1055 1217 1133 dandum,
1245 1053 1275 1120 si

250 1144 322 1211 aine
345 1145 514 1229 periculo;
539 1145 628 1212 idem
652 1147 695 1212 de
718 1145 854 1212 obsessis
877 1165 897 1211 a
919 1143 1067 1212 Diabolo.
1091 1144 1175 1211 ltem
1199 1164 1276 1213 non

250 1234 363 1319 pueris
387 1237 539 1302 recenter
562 1234 660 1302 natis.

229 1322 298 1392 Art.
323 1323 375 1392 lo.
398 1321 449 1391 Ao
473 1325 569 1391 liceat
589 1325 723 1409 quotidie
742 1327 800 1400 ¹too
828 1332 1049 1394 sacromentum
1077 1335 1208 1390 camera.
1235 1326 1275 1407 ἡ.

249 1412 313 1499 Qui
336 1417 420 1480 esset
441 1413 618 1498 dispositus
640 1415 839 1496 devotione,
864 1419 898 1481 et
920 1413 1122 1492 reverentia,
1146 1413 1272 1480 lauda-

249 1501 361 1570 biliter
383 1503 542 1588 accipiet3
565 1504 623 1570 sed
656 1504 850 1589 simpliciter
888 1505 1066 1589 loquendo,
1107 1522 1178 1569 uon
1219 1507 1273 1569 est

251 1591 333 1660 utile
351 1593 506 1661 omnibus
520 1593 669 1681 quotidie
684 1594 940 1675 communicare,
958 1593 1022 1660 nisi
1039 1593 1178 1681 quaudo
1189 1595 1274 1659 sunt

275 1683 369 1750 arati.

250 1701 438 1841 PFuerunt
460 1774 553 1841 varia
576 1777 741 1859 praecepta
763 1773 917 1842 sumendi
935 1774 971 1841 in
995 1772 1102 1858 prima
1121 1769 1271 1838 Ecclesia

251 1863 416 1949 quotidie:
439 1869 552 1952 postea
574 1867 626 1929 ter
648 1863 685 1931 in
708 1883 809 1944 anno,
832 1864 1033 1942 Pentecoste,
1055 1859 1185 1944 Natali,
1209 1859 1270 1928 Pa·

250 1956 371 2035 schate,
396 1957 429 2020 et
452 1953 581 2021 addidit
604 1951 700 2020 Soter
710 1953 796 2037 Papa
815 1952 914 2019 etlam
931 1954 967 2020 in
983 1951 1108 2020 Coena:
1126 1951 1269 2016 taudem

251 2041 447 2112 Innocentio
470 2043 591 2123 lertio,
614 2046 653 2110 ut
674 2043 790 2110 saltem
812 2044 913 2110 semel
952 2042 987 2108 in
1027 2058 1141 2107 anno:
1177 2039 1266 2107 libro

250 2137 363 2199 tamen
386 2134 429 2200 de
451 2132 679 2200 Ecclesiasticis
701 2132 914 2220 Dogmatibus
928 2128 1122 2210 consulitur,
1137 2133 1178 2196 ut
1192 2149 1266 2198 om·

251 2222 355 2290 uibus
377 2222 494 2290 diebus
517 2222 702 2290 dominicis.
908 2237 910 2242 ·

228 2309 299 2381 Art.
323 2310 376 2382 ll.
400 2310 450 2381 do
476 2312 568 2380 liceat
588 2314 713 2380 omuino
728 2315 968 2381 acommuoioae
983 2327 1108 2378 casoro.
1126 2311 1162 2396 al.
1178 2307 1263 2389 lton,

250 2402 329 2488 quia
352 2405 401 2470 est
424 2404 628 2489 preceptum
653 2401 830 2485 divinum3
853 2404 911 2470 sed
935 2407 1067 2488 tempus
1090 2405 1139 2467 est
1154 2400 1266 2468 deter-

249 2492 417 2559 minatum
441 2493 484 2560 ab
505 2491 657 2560 Ecclesia.

229 2585 298 2650 Art.
323 2581 376 2651 lt.
399 2581 449 2651 Ac
473 2582 562 2649 licoat
581 2600 698 2650 samm
720 2602 830 2671 corpus
851 2585 918 2651 alac
940 2581 1101 2666 succulae.
1138 2581 1175 2666 rt.
1207 2575 1263 2646 Sa·

249 2672 439 2744 cerdotibus
462 2691 541 2754 non,
565 2671 643 2757 quia
665 2672 701 2739 in
725 2677 866 2758 utroque
888 2671 1045 2758 perfectio
1060 2670 1263 2736 sacramenti

248 2763 414 2831 consistit:
440 2762 529 2829 laicis
551 2762 586 2829 iu
610 2761 718 2848 aliqua
742 2763 880 2830 Ecclesia
906 2764 982 2844 sic‚‘
1002 2762 1046 2827 ob
1082 2761 1261 2840 cautelam,

250 2856 283 2918 et
306 2854 527 2920 reverentiam
551 2872 595 2920 ne
616 2853 823 2921 effundatur:
863 2869 942 2920 nam
972 2849 1129 2936 perfectio
1153 2867 1264 2917 sacra·

248 2943 354 3012 menti
367 2943 516 3102 constistit
531 2943 565 3012 in
582 2945 842 3028 consecratione,
865 2942 940 3014 ideo
957 2940 1108 3010 sacerdos
1130 2944 1262 3008 utrum·

248 3052 313 3120 que
336 3053 465 3122 accrpr.
639 3051 641 3056 ·
