2604 4210
424 133 502 190 nrm
526 132 673 190 rnorem.
956 114 1022 190 set

32 275 208 340 unionem.
234 275 270 358 rt.
294 271 404 338 Gratia
427 273 560 342 unionis
582 276 617 341 in
642 272 769 342 Christo
792 277 840 341 est
863 273 954 358 prior
965 276 1070 360 gratia

32 362 211 430 habituali
236 382 305 429 non
330 365 488 446 ternpore,
503 365 714 431 sednatura.

414 540 593 626 oonsuo
616 541 692 611 vul.

32 723 140 788 De
178 723 375 802 gratia
415 725 666 802 Christi,
707 687 1048 790 seeundum

120 812 284 892 quod
309 817 405 880 est
429 819 612 895 eaput
635 814 972 881 Ecclesiae.

13 989 90 1057 Art.
118 989 150 1056 l.
174 988 223 1055 Ao
249 988 387 1056 Christus
409 994 453 1057 sil
484 998 576 1074 copul
608 991 760 1058 Ecclesiu.
791 989 827 1075 rt.
850 989 918 1069 Sin,
941 990 1070 1070 ordine,

38 1079 263 1164 permotione,
282 1084 316 1144 et
338 1084 447 1160 motu3
471 1080 550 1165 quia
571 1099 630 1164 per
652 1079 901 1148 similitudinum
925 1080 1071 1164 eorporis

39 1167 200 1247 humani,
225 1167 363 1236 Ecclesia
385 1170 510 1237 dieitur
533 1188 639 1236 unum
663 1189 791 1255 eorpus.

40 1259 53 1279 ⁹
80 1257 232 1325 Christus
255 1263 294 1324 ut
309 1259 406 1326 nono
428 1261 486 1326 dat
509 1259 648 1344 gratiam
665 1279 733 1327 non
756 1257 997 1337 auetoritative,
1012 1258 1071 1326 sed

41 1346 229 1425 meritorie,
254 1352 287 1412 et
309 1348 491 1415 ellinienter
513 1349 812 1416 instrumentaliter
819 1369 829 1430 ;
852 1348 974 1416 oaeteri'
988 1349 1072 1414 dant

42 1435 318 1503 ministerialiler.
341 1436 422 1504 llem
456 1437 602 1506 Christus
637 1441 737 1506 habet
757 1438 862 1504 lleurn
896 1457 997 1522 supra
1024 1457 1071 1517 se,

43 1545 125 1593 oum
149 1529 263 1592 tamen
287 1525 356 1610 ipse
376 1526 420 1594 sit
441 1532 541 1610 eaput
563 1527 723 1596 Enalosiae.
748 1527 828 1594 ltorn
851 1527 1010 1608 Christus,
1033 1532 1071 1594 ut

44 1615 190 1682 visibilis
222 1622 432 1699 eomparatur
454 1615 566 1700 oapiti,
594 1622 627 1684 et
649 1617 789 1702 Spiritus
811 1622 944 1685 sanetus
968 1617 1071 1697 euml,

44 1705 126 1789 qnia
151 1703 364 1772 invisibiliter
386 1706 560 1772 vivilloont
575 1706 759 1774 Eoolmian.

23 1792 93 1861 Art.
116 1793 152 1861 2.
175 1792 226 1860 Ao
250 1793 389 1862 Christos
409 1798 455 1862 sit
473 1803 566 1880 oopot
584 1798 740 1865 lominum
761 1797 858 1864 solum
880 1795 978 1881 quon
1003 1797 1072 1863 oui·

43 1901 121 1989 mos,
146 1884 195 1988 ool
218 1887 311 1988 otium
332 1885 431 1969 quoad
451 1903 587 1989 corporo.
606 1889 641 1972 rt.
663 1887 779 1972 Quoad
802 1889 999 1972 utrumque,
1013 1887 1072 1952 sed

25 1973 573 2149 ΑεῗῃὶῗΡὲξιιωὲἠιβίξιῗιῖᾱεὲῗῃέῧῗιεῖ
599 2066 734 2134 omnium
763 2067 930 2134 homiuum.
955 2067 990 2150 ri.
1020 2064 1073 2132 Sin

47 2172 109 2236 per
133 2153 246 2234 fidem,
269 2155 322 2220 vel
346 2173 407 2239 per
428 2155 633 2239 charitatem,
656 2155 710 2222 vel
726 2167 802 2240 -per'
816 2155 966 2241 gloriam,
990 2154 1071 2222 etin

48 2242 210 2310 membris
245 2243 343 2310 etiam
377 2245 412 2311 in
444 2245 606 2328 potentio,
642 2263 718 2330 quau
752 2264 936 2331 numquam
971 2244 1071 2312 rerin-

48 2338 144 2400 oetur
168 2333 210 2398 ad
234 2337 344 2400 aotunr
367 2337 411 2401 ab
432 2333 559 2419 origine
583 2335 717 2414 mundi,
741 2337 794 2402 vol
818 2335 995 2421 aliqunnrln
1019 2354 1072 2400 ro·

48 2423 204 2488 ducetur,

49 2511 61 2536 “
85 2512 238 2578 lnfideles
257 2515 335 2578 sunt
358 2513 505 2579 membra
537 2511 573 2578 in
608 2515 765 2597 potentia,
788 2533 863 2600 quae
885 2513 1070 2579 fundantur

50 2599 85 2668 in
109 2600 231 2667 merito
255 2601 385 2680 Christi,
408 2605 442 2667 et
464 2601 499 2667 in
522 2602 628 2669 libero
649 2602 797 2670 arbitrio.
822 2602 903 2668 ltem
930 2600 1069 2668 Eoolesia

51 2690 122 2758 sino
147 2709 240 2776 ruga,
264 2693 299 2756 et
323 2693 450 2759 macula
473 2691 536 2758 erit
559 2693 594 2759 in
620 2691 735 2776 patria.

32 2776 95 2848 Art.
118 2779 153 2847 i.
167 2780 218 2847 Ao
244 2779 382 2850 Christro
396 2784 545 2865 sitooput
564 2783 760 2866 Angelorum.
778 2785 812 2868 ri.
832 2781 893 2861 Sio,
912 2781 988 2868 quia
1004 2779 1069 2848 An·

53 2869 125 2954 geli,
143 2874 177 2935 et
200 2871 349 2937 homines
367 2875 445 2938 sunt
460 2891 528 2938 una
544 2872 722 2939 multitudo
737 2871 889 2939 ordinata
905 2872 947 2938 ad
964 2890 1069 2938 unum

52 2960 166 3041 linem,
188 2959 273 3025 idest
296 2960 488 3026 fruitionem
511 2960 581 3040 Dei,
603 2961 696 3028 ouius
718 2966 818 3046 eaput
840 2965 890 3027 est
911 2959 1070 3040 Christus,

52 3049 107 3132 qni
131 3054 182 3115 est
204 3048 421 3136 propinquior
443 3049 521 3129 Deo,
537 3054 571 3117 et
593 3051 769 3134 perfectius
785 3049 960 3135 participat
981 3051 1071 3118 dono

54 3143 85 3203 et
106 3138 218 3205 influit
240 3139 339 3206 etiam
363 3139 398 3206 in
421 3158 535 3205 omnes
557 3137 708 3224 Angelos,
731 3141 808 3208 lieet
842 3138 1071 3225 prinoipaliter

54 3225 199 3296 Christus
222 3229 337 3296 inlinat
360 3229 396 3295 in
425 3231 588 3311 animam,
611 3231 646 3297 in
677 3251 742 3316 qua
774 3231 808 3298 in
840 3247 961 3315 genere
990 3247 1071 3296 oon·

55 3317 196 3385 veniunt
225 3318 373 3385 homines
395 3337 472 3384 oum
501 3318 646 3404 Angelis,
670 3326 704 3388 et
734 3319 853 3388 Christi
883 3317 1072 3386 humanitas

57 3412 162 3489 potest
183 3408 307 3494 aliquid
330 3427 463 3475 causare
485 3408 521 3476 in
545 3411 684 3495 Angelis,
707 3415 843 3496 propter
865 3407 1071 3474 ooniunotio·

57 3515 130 3564 nem
155 3497 197 3564 ad
220 3497 442 3565 divinitatem.

34 3571 98 3655 'Art
121 3586 154 3654 o.
177 3585 228 3654 Ao
250 3590 355 3673 gratu
379 3587 498 3656 Christi
529 3596 567 3657 ot
592 3597 685 3675 eoput
714 3588 870 3668 norim,
891 3589 937 3654 sit
971 3584 1070 3654 mrtem

57 3695 121 3748 rou
142 3680 247 3764 urotio
268 3677 421 3750 lotimoli
441 3681 517 3763 eiua
534 3685 572 3750 ot
592 3683 743 3751 rothomo
765 3679 945 3768 singularis.
962 3677 998 3764 ri.
1016 3675 1070 3746 list
