2608 4220
418 122 496 177 n1v1
519 119 676 178 amount.
950 107 1020 181 tiit·

20 203 169 216 .....-.
815 199 1055 227 vua-sm·—

38 243 129 319 dere,
154 241 211 306 sed
234 259 310 306 uon
326 243 459 308 tenetur
488 239 698 320 cohabitare,
729 241 806 324 quia
828 260 871 306 ex
893 240 1060 307 oohabita·

38 332 130 396 tione
153 329 278 396 facilius
302 329 375 413 quis
397 329 566 407 inlinitur,-
597 349 697 415 quam
721 350 761 396 ex
791 331 902 408 coitu,
930 335 963 396 et
985 329 1062 399 lieet

38 423 148 502 proles
172 423 348 504 generetur
372 419 516 499 infirma,
541 424 653 485 tamen
677 420 793 486 melius
814 425 863 486 est
881 422 967 486 male
982 439 1062 501 esse,

37 527 140 592 quam
166 510 305 576 omnino
327 527 397 575 non
420 527 499 576 esse.

18 599 83 665 Art.
108 599 142 664 2.
166 598 216 666 An
250 601 300 665 ιιι
331 606 469 666 tanaatar
502 597 633 668 debitam
661 598 782 666 reddam
809 601 905 666 amori
927 617 989 664 nan
1009 618 1062 683 pa·

40 691 130 756 tanti.
157 691 194 771 ιι.
216 687 249 754 Si
265 707 325 772 per
339 689 443 774 signa,
459 690 512 754 vel
528 689 780 772 interpretative
794 688 962 773 eognoseit
978 689 1061 752 velle

38 778 203 857 debitum,
227 777 303 844 lieet
324 779 367 844 ob
382 779 618 855 verecundiam
635 798 704 845 non
720 783 820 861 petat,
840 781 972 844 tenetur
988 779 1063 842 red·

38 869 141 946 dere,
165 866 243 952 quia
265 871 314 934 est
336 868 438 934 veluti
462 867 636 934 medicina.
665 867 767 947 item,
791 868 844 933 vir
871 887 939 935 nou
964 869 1063 932 debet

38 975 180 1024 uxorem
204 963 366 1040 avertere,
389 977 432 1030 ne
455 957 605 1025 debitum
628 961 735 1041 petat,
759 957 823 1023 nisi
850 961 932 1024 esset
955 957 1063 1040 aliqua

39 1044 247 1115 rationabilis
269 1066 376 1126 nausa,
400 1051 433 1112 et
456 1050 537 1114 tuna
560 1067 627 1114 non
652 1048 750 1114 debet
773 1065 850 1112 oum
869 1064 990 1130 magna
1011 1045 1064 1112 in·

36 1136 162 1203 stantia
187 1155 260 1202 eam
281 1141 431 1204 avertero
454 1139 498 1202 ob
520 1136 729 1203 imminentia
756 1136 911 1219 pericula.

18 1222 88 1293 Art.
114 1225 147 1292 3.
170 1223 221 1294 Aa
242 1228 304 1308 atr,
316 1235 348 1292 at
367 1227 479 1294 moliar
493 1228 529 1292 in
544 1234 614 1297 aeta
629 1227 855 1293 matrimoniali
876 1228 942 1292 sint
955 1245 1064 1310 arana-

38 1315 93 1382 ιιι.
119 1317 155 1399 ιι.
179 1315 365 1400 Aequaliter
387 1317 576 1401 obligantur
599 1317 640 1382 ad
663 1320 773 1383 aetum
789 1314 1001 1396 matrimonii,
1020 1317 1062 1382 ud

38 1405 319 1489 gubernationem
353 1406 470 1471 domus
494 1424 568 1470 oum
595 1405 703 1491 aliqua
726 1407 962 1491 proportione,
984 1405 1063 1490 quia

38 1495 96 1560 vir
118 1493 214 1578 regit,
238 1494 293 1561 illa
316 1493 452 1578 regitur,
475 1500 509 1562 et
529 1497 748 1580 gubernatur,
770 1501 805 1562 et
827 1496 962 1563 tandem
984 1499 1063 1561 suut

39 1583 187 1668 aequales
209 1585 392 1652 seeundum
415 1585 675 1669 proportionem.

20 1672 88 1738 Art.
112 1672 144 1738 ι.
168 1671 217 1740 An
240 1676 300 1755 nir,
323 1683 355 1740 at
373 1693 460 1742 naar
476 1677 596 1758 possint
615 1684 716 1744 aotam
738 1678 873 1744 omittam
894 1681 1002 1742 eontra
1015 1673 1063 1742 da·

40 1762 140 1830 titum
161 1767 354 1832 matrimonii
375 1768 442 1832 sine
464 1773 569 1834 mutuo
592 1785 746 1834 ramanae.
771 1766 807 1851 ιι.
836 1765 906 1832 Non
941 1769 1062 1849 potest,

42 1853 122 1937 quia
146 1872 216 1919 non
240 1857 339 1921 babet
365 1858 559 1938 potestatem
574 1857 624 1922 sui
639 1855 795 1940 eorporis,
818 1858 852 1920 et
874 1875 942 1920 nou
959 1857 1065 1938 potest

37 1959 164 2009 vovere
188 1943 229 2016 de
252 1944 369 2013 alieno.

18 2030 85 2099 Art.
109 2033 142 2098 5.
166 2031 216 2099 An
245 2035 280 2100 in
303 2034 404 2101 dietas
433 2037 529 2100 saorla
559 2036 743 2119 impediatur
767 2035 878 2118 petitia
900 2033 1002 2102 debiti.
1027 2034 1063 2117 ιι.

39 2121 76 2187 ln
101 2121 289 2202 ambusto
312 2124 433 2209 quibus
449 2123 616 2208 praeeipue
626 2125 851 2209 spiritualibus
874 2128 922 2189 est
944 2140 1065 2188 vacan-

40 2212 123 2278 dum
149 2231 217 2280 nan
241 2213 328 2292 lieet,
351 2213 429 2299 quia
452 2216 544 2280 aetus
566 2215 770 2282 matrimonii
792 2215 868 2282 lieet
889 2214 986 2297 aulpa
1012 2230 1065 2277 aa·

38 2304 121 2378 reat,
147 2305 258 2368 tamen
282 2301 448 2384 distrahit,
472 2305 506 2368 et
528 2304 639 2372 reddit
662 2304 831 2371 bominem
853 2303 1004 2386 ineptum
1019 2301 1063 2367 ad

36 2390 233 2474 spiritualia.

15 2478 85 2547 Art.
108 2479 142 2546 6.
165 2478 216 2550 An
234 2487 340 2564 patrm
361 2479 494 2552 datitmn
512 2489 641 2568 tempora
655 2501 742 2552 saara
755 2489 858 2568 paam
877 2475 1063 2550 mortalitor.

37 2568 458 2656 rt.Non,'1ulegenova

15 2657 86 2726 Art.
110 2657 143 2726 7.
167 2618 219 2727 iln
241 2680 321 2728 anm
343 2666 507 2747 canianum
523 2671 662 2732 tamatnr
678 2665 771 2732 altari
792 2631 913 2730 reddam
935 2660 1066 2729 tabitam

38 2756 172 2833 tempora
192 2751 312 2832 saalim.
338 2753 374 2836 ιι.
396 2752 459 2832 Sie,
483 2753 706 2820 salvatamen
731 2756 912 2834 honestate
939 2756 973 2816 et
995 2769 1064 2817 non

39 2843 166 2923 peceat,
190 2837 268 2924 quia
281 2840 408 2908 invitus
424 2843 482 2910 dat
496 2845 587 2927 quod
610 2847 661 2910 ab
676 2863 714 2910 eo
737 2843 890 2928 exigitur,
913 2845 947 2906 et
961 2859 1066 2924 quan·

37 2928 147 3084 {lum
138 2948 173 2995 m
196 2948 231 2996 se
255 2933 396 2999 estnon
420 2933 607 3014 consentit,
630 2935 664 3000 et
687 2936 793 3019 polest
819 2952 914 2999 orare
936 2930 972 2998 in
995 2929 1066 3000 aliis

63 3035 143 3087 orm.
214 3055 218 3063 =

392 3199 572 3286 QUAEsmo
596 3201 682 3272 LXV

153 3382 245 3449 De
268 3384 627 3466 pluralitate
649 3333 923 3450 uxorfirmss

15 3554 86 3627 Art.
110 3556 141 3626 ι.
160 3557 212 3626 Aa
232 3559 340 3628 batam
364 3563 467 3646 plnres
487 3581 600 3630 aaaron
621 3515 666 3628 ait
685 3569 796 3628 cantro
818 3562 912 3644 tapam
927 3565 1068 3626 naturae.

39 3651 76 3731 ιι.
99 3646 171 3716 Nou
195 3650 367 3734 primario,
388 3654 447 3718 sed
468 3652 675 3731 ιιιιιιιιιιιιιιο,1
697 3670 756 3718 seu
784 3653 977 3731 deductum,
992 3650 1069 3736 quia

37 3736 181 3824 impedit
202 3739 327 3812 bonam
351 3741 570 3811 directionem
591 3740 687 3824 ιιιι,
716 3744 749 3810 et
771 3741 883 3809 reddit
904 3740 1068 3808 astionem
