2632 4212
367 163 371 171 ’
450 199 527 250 mu
550 197 697 250 rennos.

70 357 184 444 quitur
212 355 333 424 tinem:
362 359 490 421 utnon
516 357 564 420 est
588 373 719 420 necesse
743 355 785 420 ad
809 356 925 434 finem,
952 360 989 418 ut
1014 357 1095 422 tota-

69 447 142 514 liter
166 465 218 513 res
242 445 429 513 mundanas
453 443 600 524 obiiciat,
627 446 733 528 potest
757 444 847 508 enim
878 444 923 508 eis
948 445 1013 523 uti,
1037 448 1095 511 sed

69 540 104 604 ut
126 535 313 621 expeditius
336 555 375 602 eo
399 533 586 618 perveniat,
611 533 744 619 expedit
767 533 912 599 totaliter
935 551 989 598 eas
1012 535 1096 600 abii·

68 645 151 694 nere.
175 626 224 706 lta
247 629 335 694 hona
362 625 462 708 hujus
492 625 610 691 mundi
633 627 713 691 sunt
735 623 773 690 in,
794 622 938 700 divitiis,
969 623 1094 689 deliciis

66 717 187 797 earnis,
210 719 244 782 et
265 715 431 800 superbia,
456 733 531 798 quae
554 714 976 798 abdicanturpaupertate,
993 714 1092 778 easti-

66 807 148 888 tate,
172 809 207 873 et
229 799 429 874 obedientia.
458 803 600 870 Consilia
630 825 671 870 ex
694 823 729 870 se
753 802 907 870 omnibus
935 807 1015 870 sunt
1038 823 1094 868 ex·

66 895 251 980 pedientia,
275 895 351 964 licet
381 893 478 980 alicuj
509 895 553 960 ob
581 893 866 980 indispositionem
893 913 962 960 non
994 912 1092 978 expe·

68 985 173 1056 diunt.

429 1163 607 1261 Qonsmo
631 1149 704 1233 dlx.

185 1313 607 1420 De'exteriori
630 1349 937 1432 principio

93 1439 506 1510 humanorum
532 1448 804 1520 actuum,
828 1438 893 1508 id
918 1441 1030 1517 est,

326 1530 403 1599 de
427 1533 799 1602 Gratia'Dei.
838 1565 841 1570 -

42 1703 100 1779 Art.
124 1705 155 1780 l.
181 1705 232 1779 Ao
256 1711 341 1779 loomo
363 1714 431 1781 otoo
452 1666 558 1798 orello
577 1715 677 1800 possit
697 1727 873 1797 oopoosoooo
897 1711 1022 1800 aliquod
1039 1733 1087 1780 oo·

62 1817 135 1869 nom.
162 1801 200 1886 rt.
225 1797 329 1868 Homo
358 1806 401 1870 ad
427 1805 653 1890 cognitionem
682 1805 909 1888 cujuscunque
939 1805 1011 1870 veri
1036 1805 1085 1870 in-

60 1889 145 1976 diget
167 1889 295 1957 auxilio
317 1891 434 1960 divino
456 1893 515 1964 Dei
539 1901 699 1982 tanquam
724 1891 825 1976 primi
842 1895 988 1972 motoris,
1005 1895 1084 1979 quia

62 1979 99 2045 ad
126 1999 267 2054 omnem
296 1987 425 2050 molum
454 1987 658 2070 pendentem
681 2004 700 2051 a
724 1982 832 2068 primo
862 1987 991 2049 motore
1014 2004 1083 2052 non

58 2069 176 2138 sullioit
199 2070 306 2138 forma
329 2091 477 2155 movens,
501 2079 540 2142 ut
563 2074 767 2160 principium
790 2072 929 2140 aetionis
953 2074 1017 2140 nisi
1040 2076 1084 2142 sit

59 2161 164 2226 notus
196 2160 298 2246 primi
328 2163 481 2230 motoris:
509 2165 596 2232 siout
623 2168 732 2231 motus
767 2182 946 2249 corporum
981 2165 1082 2231 redu·

58 2249 178 2316 cuntur
202 2249 397 2320 ad-motum
420 2255 567 2340 eorporis
591 2254 740 2335 eoelestis,
755 2255 802 2322 sic
818 2253 909 2320 nullo
928 2259 1081 2322 ereatura

59 2342 159 2422 potest
184 2340 295 2408 faeere
317 2347 427 2426 aetum
450 2343 522 2412 sine
544 2345 623 2413 Deo.
640 2339 734 2412 ‘ltem
764 2347 864 2412 homo
892 2345 934 2410 ad
958 2365 1080 2428 eogno-

56 2431 209 2498 soendam
234 2430 410 2500 veritatem
434 2454 502 2502 non
526 2434 653 2522 indiget
676 2436 718 2504 de
742 2453 830 2501 novo
862 2433 898 2500 in
923 2435 1079 2502 omnibus

57 2537 137 2587 nova
174 2519 412 2604 illustratione,
443 2527 566 2610 praeter
596 2524 781 2592 naturalem
811 2523 1076 2593 illustrationem.

56 2607 129 2675 llem
154 2614 346 2695 peooatores
375 2613 447 2680 sine
470 2616 577 2700 gratia
605 2616 708 2682 multa
736 2614 847 2681 seiunt
876 2633 965 2681 vera.
996 2612 1076 2681 ltem

56 2697 241 2768 intellectus
264 2705 385 2787 praeter
409 2705 583 2786 naturalia,
607 2725 682 2790 qnae
706 2703 999 2772 lumine'naturoli
1024 2725 1076 2771 co-

55 2790 178 2872 gnoscit
214 2811 285 2860 non
314 2797 419 2877 potest
452 2794 569 2864 altiora
602 2815 817 2880 cognoscere,
848 2792 911 2860 nisi
946 2793 1075 2862 fortiori

55 2877 187 2962 lumine,
211 2884 251 2948 ut
273 2883 361 2963 fidet,
386 2885 438 2970 yel
461 2885 659 2970 prophetiae,
683 2905 741 2953 seu
764 2883 894 2972 gratioe,
918 2883 994 2949 lieet
1017 2886 1074 2950 ali·

55 2971 184 3052 qnando
213 2969 302 3038 Deus
324 2973 469 3042 instruat
491 2976 616 3064 aliquos
638 2995 696 3043 sua
719 2974 824 3062 gratia
848 2974 884 3039 in
908 2971 975 3058 his,
1000 2993 1074 3062 quae

56 3057 250 3128 naturaliter
271 3065 423 3148 eognosei
447 3070 593 3152 possunt.

55 3139 194 3218 'Omne
216 3169 335 3219 verum
358 3157 407 3220 est
429 3175 449 3222 a
471 3155 595 3241 Spiritu
618 3156 737 3224 Sancto
761 3156 863 3222 dante
881 3155 994 3221 lumen
1016 3165 1074 3223 na·-

56 3237 170 3320 tnrale,
207 3259 279 3308 non
313 3245 472 3328 tanquam
502 3249 544 3314 ab
577 3247 786 3314 inhabitante
821 3265 881 3332 per
916 3246 1071 3332 gratiam

54 3343 177 3414 semper
202 3329 391 3418 indigemus
414 3333 537 3404 auxilio
564 3335 623 3402 Dei
652 3338 695 3404 ad
723 3337 938 3422 cogitandum
970 3339 1072 3422 quod·

55 3435 192 3504 nonque,
216 3425 317 3506 prout
339 3421 425 3490 Deus
448 3428 560 3492 movet
582 3426 624 3494 ad
647 3428 824 3512 agendum.

38 3501 93 3610 dol.
114 3510 146 3580 2.
171 3505 223 3577 An
247 3513 332 3578 loono
352 3517 452 3599 possit
472 3518 564 3599 oollo,
588 3517 636 3586 ool
657 3519 756 3604 socero
780 3517 888 3586 tonum
911 3519 977 3584 sloo
1000 3535 1069 3600 gro·

57 3603 102 3665 too.
138 3601 176 3685 ἡ.
211 3599 340 3668 Auxilio
374 3604 491 3672 divino
526 3625 656 3690 semper
691 3607 850 3693 indiguit,
881 3611 918 3673 ut
942 3606 1011 3672 dixi
1035 3607 1069 3672 in

55 3688 152 3768 primo
184 3689 342 3772 articulo,
377 3694 447 3760 sive
479 3695 514 3763 in
546 3700 633 3762 statu
663 3699 792 3764 naturae
822 3695 978 3782 integrao,
1001 3697 1072 3762 sive

8 3805 10 3812 v
55 3779 225 3864 surruptae.
257 3779 336 3846 ltem
364 3783 398 3852 in
422 3787 510 3855 statu
534 3790 661 3855 naturae
686 3787 824 3872 integrae
848 3807 988 3872 persua
1012 3807 1071 3853 na-

112 3869 193 3940 lllol
220 3869 355 3944 roomo.
939 3875 980 3942 l3
