2614 4190
419 68 497 123 mvi
518 65 679 123 anonis.
947 55 1015 124 aar

8 141 284 162 -ῇ-ι-

351 279 530 367 consito
556 279 738 351 LXXXVIII.

174 465 266 528 De
289 464 498 529 reditu
521 470 921 545 peccatorum

22 562 157 629 per
182 556 619 634 poenitenciam
643 554 1056 634 dimissorum.

8 721 89 796 Art.
117 728 150 796 i.
173 728 223 795 Aa
244 737 367 815 peccato
389 729 513 798 dimisso
534 731 661 799 redeant
678 750 734 815 par
757 750 880 816 aequans
896 737 1059 814 pometum.

32 816 76 900 it.
105 818 255 900 Peccata,
280 825 317 887 ut
339 825 418 888 sunt
440 822 623 900 conversio,
648 841 716 888 non
740 823 896 900 redeunt,
919 819 996 904 quia
1011 820 1057 888 sic

32 909 272 988 producerent
295 911 516 992 contrarium,
557 916 593 978 ut
632 910 845 995 prodigalitas
867 908 1058 976 avaritiam:

32 998 78 1060 ut
103 1003 187 1064 sunt
209 999 346 1078 aversio,
371 1020 430 1084 per
453 1005 626 1084 peccatum
649 1020 790 1086 sequens
806 998 894 1065 redit
909 998 954 1075 id,
970 1001 1060 1084 quod

32 1093 116 1152 erat
141 1086 177 1156 in
202 1089 343 1171 peccatis
361 1089 522 1174 remissis,
544 1089 669 1158 scilicet
692 1088 834 1174 privatio
862 1087 1003 1174 gratiae,
1027 1092 1061 1155 et

34 1180 158 1244 reatus
181 1197 297 1261 poenae
321 1183 465 1246 aeternae.

36 1262 50 1287 ‘
77 1265 146 1348 Qui
169 1267 308 1334 otiandit
331 1267 366 1334 in
391 1289 470 1349 uno,
493 1269 598 1336 iactus
620 1273 670 1335 est
698 1267 851 1335 omnium
880 1287 977 1346 reus,
1000 1268 1058 1335 sed

37 1371 115 1422 non
142 1357 287 1423 redeunt
310 1357 463 1441 privatio,
486 1360 625 1437 macuta,
648 1361 682 1424 et
704 1364 815 1424 reatus
838 1362 1061 1442 peecatorum,

38 1450 150 1525 prout
172 1446 361 1514 aversiones
385 1449 534 1530 pendent
557 1448 874 1527 aconversionibus,
889 1445 967 1532 quia
979 1466 1061 1531 opus

38 1530 116 1614 Dei,
144 1535 230 1604 idest
254 1537 400 1604 remissio
424 1557 482 1621 per
505 1556 587 1621 opus
617 1537 761 1608 hominis
795 1557 864 1604 non
888 1535 1058 1615 irritatur,

39 1626 78 1687 et
103 1627 257 1693 remissio
296 1629 334 1692 sst
371 1627 469 1693 etiam
507 1627 692 1694 secundum
726 1624 977 1712 praescientiam
1000 1625 1060 1692 Dei

39 1711 267 1798 simpliciter;
291 1716 368 1784 licet
388 1737 529 1801 sequeus
553 1717 724 1801 peccatum
758 1719 894 1800 propter
924 1713 1062 1800 ingrati·

40 1804 202 1871 tudinem
224 1805 267 1871 sit
289 1805 433 1890 gravius.
457 1807 566 1888 Quare
589 1827 657 1874 non
681 1806 823 1872 redeunt
845 1803 1057 1889 simpliciter,

37 1893 101 1958 sed
125 1896 311 1970 seeundum
335 1895 426 1980 quid,
450 1898 526 1981 quia
549 1916 689 1981 sequens
711 1899 760 1961 est
783 1894 927 1978 gravius.

16 1977 89 2051 Art.
114 1983 150 2052 2.
172 1982 223 2052 Aa
242 1993 364 2070 peccota
386 1985 512 2053 dimisso
528 1984 656 2053 redonat
667 2005 722 2070 par
738 1982 1004 2068 ingratitudinem.
1023 1985 1059 2069 rt.

38 2067 108 2154 Sic,
133 2076 193 2142 sed
214 2075 386 2158 specialius
409 2096 469 2159 per
491 2076 607 2142 odium
618 2078 817 2154 fraternum,
828 2073 1055 2158 apostasiama

39 2163 121 2243 tide,
146 2169 374 2249 contemptum
396 2164 619 2246 confessionis,
643 2170 677 2232 et
698 2166 847 2233 dolorem
869 2164 912 2231 de
935 2163 1054 2248 poeni·

41 2253 151 2320 tentia
175 2255 297 2322 habita.

41 2341 53 2366 ”
78 2342 145 2409 Ρει
160 2349 331 2427 peccatum
351 2344 482 2412 veniale
494 2363 593 2412 nemo
612 2343 755 2412 incurrit
771 2342 1057 2430 ingratitudinem,

39 2433 123 2517 quia
146 2453 215 2500 non
238 2438 287 2502 cst
310 2439 426 2501 contra
448 2435 565 2502 Deum.

20 2518 88 2590 Art.
113 2522 147 2590 3.
170 2521 296 2609 dapar
319 2520 576 2608 ingratitudinem
610 2527 728 2609 pcccati
764 2522 930 2610 sequentis,
949 2529 1059 2606 tergat

42 2619 149 2682 uaros
171 2620 285 2695 reatos,
308 2621 438 2698 quantoe
459 2616 563 2698 sacrat
575 2617 781 2683 remissorum.
795 2615 830 2699 rt.
846 2611 916 2678 Non
932 2616 981 2677 est
999 2631 1058 2678 nc·

40 2722 145 2786 cesso,
169 2705 227 2770 sed
241 2706 426 2772 secundum
441 2705 660 2790 quantitatem
677 2702 801 2788 pcccati
817 2701 1056 2786 consequentis.

41 2790 127 2860 item
149 2793 257 2878 surgit
279 2794 446 2878 quantitas
475 2794 746 2879 ingratitudinis,
776 2793 835 2858 sed
870 2791 1056 2858 secundum

41 2882 267 2966 quantitatem
291 2883 464 2963 beneficii,
487 2885 656 2968 supposito
686 2881 813 2968 aequali
841 2884 1057 2966 contemptu,

41 2976 76 3037 et
100 2973 261 3046 offensa..

22 3057 89 3128 Art.
115 3061 147 3128 ι.
171 3061 218 3129 Aa
240 3061 432 3147 ingratitudo
456 3061 491 3130 ot
514 3082 603 3147 qoem
624 3061 753 3130 redeam
781 3066 904 3145 peccato
932 3059 1059 3130 dimisso

41 3154 86 3217 ait
106 3153 237 3236 spectate
257 3160 420 3236 peccatam.
447 3154 483 3239 rt.
505 3153 538 3219 Si
562 3158 675 3238 peccat
689 3153 725 3220 in
741 3153 969 3236 contemptum
985 3149 1056 3231 Dei,

42 3246 75 3306 et
99 3243 224 3326 recepti
250 3243 411 3322 beneficii,
435 3247 484 3308 est
504 3244 645 3326 speciale
668 3245 854 3328 peccatum;
888 3239 916 3308 si
943 3259 1056 3320 secus,

42 3336 93 3398 cst
115 3331 362 3400 circumstantia
384 3333 546 3418 generalis
569 3333 795 3418 peccatique
832 3329 868 3396 in
907 3330 1056 3416 quotibet

44 3424 179 3507 peccato
205 3421 336 3490 mortali
359 3425 408 3490 est
431 3421 591 3510 ingratus,
616 3442 684 3494 non
708 3427 758 3490 est
779 3419 928 3510 speciale.
