2622 4210
350 127 358 174 ⁵
477 163 555 218 unu
585 163 733 218 anone.
1017 144 1081 222 ιιι

89 295 160 363 ,tur
182 293 280 380 pueri
303 298 381 362 ante
403 295 585 380 perfectum
601 317 698 364 usum
714 295 863 364 rationis.
879 295 959 363 item
976 297 1128 384 periurii.

102 381 184 453 item
207 388 282 468 post
304 385 551 452 comestionem.
575 385 657 454 Item
680 387 883 467 sacerdotes,
914 385 978 454 nisi
1006 386 1043 456 in
1068 408 1130 460 ue·

102 472 264 554 cessitate,
287 475 341 540 vel
365 494 486 562 magna
508 475 662 556 utilitate,
686 479 719 542 et
741 475 909 560 praecipue
932 476 969 544 in
985 477 1128 564 negotiis

100 561 341 650 spiritualibus,
364 567 447 632 tunc
470 563 561 631 enim
583 565 660 632 ticet
683 565 718 631 in
742 564 797 631 die
819 566 901 632 testo
920 569 1047 652 jurare.

415 770 417 774 -
470 739 649 826 consuo
677 741 740 810 xc,

79 917 173 984 De
198 924 617 1003 assumptione
642 921 834 988 divini
857 925 1124 994 nominis

184 1023 303 1092 per
326 1011 574 1079 modum
599 1011 1020 1094 adjurationis,

79 1180 148 1250 Art.
171 1182 204 1252 l.
227 1184 279 1252 Aa
304 1185 395 1254 liceat
407 1185 550 1274 adjurare
564 1189 726 1258 nminem.
743 1191 779 1272 ιι.
794 1187 856 1267 Sic,
875 1194 908 1254 ει
924 1193 973 1256 εει
988 1190 1123 1276 quando

100 1272 174 1356 quis
198 1273 344 1343 intendit
366 1297 427 1362 per
449 1278 673 1344 reverentiam
696 1277 804 1344 divini
827 1278 983 1358 nominis,
1002 1279 1121 1358 velrei

100 1379 204 1429 sacra
230 1363 356 1450 aliquid
384 1368 428 1434 ab
455 1366 520 1432 alic
549 1365 700 1433 obtinere
729 1367 802 1434 sine
831 1367 1041 1452 impositione
1063 1388 1123 1442 ne·

101 1452 268 1538 caecitatis,
291 1458 325 1520 et
348 1475 416 1522 non
440 1459 489 1522 εει
511 1455 671 1522 inducere
694 1457 736 1522 ad
755 1458 997 1541 juramentum.

79 1538 148 1608 Art.
171 1541 204 1610 2.
227 1541 280 1610 Ac
303 1543 396 1614 liccat
414 1545 573 1612 Dcmoocs
595 1545 746 1630 ειιιινανε.
772 1548 807 1631 ri.
830 1545 893 1626 Sic,
908 1551 942 1612 et
960 1551 1121 1632 tanquam

100 1629 254 1704 inimicos
276 1634 450 1718 expellere,
475 1654 519 1700 ne
541 1633 636 1700 nohis
659 1639 802 1701 noceant
824 1636 860 1701 in
883 1635 1135 1720 spiritualibus·

99 1719 152 1784 vel
188 1722 425 1806 temporalibus
459 1721 585 1789 virtute
618 1723 725 1792 divini
759 1724 918 1804 nominis,
955 1745 1028 1804 non,
1055 1741 1124 1814 per

100 1809 239 1877 modum
262 1812 513 1895 deprecationis,
537 1813 590 1878 vel
613 1816 652 1879 ut
674 1833 734 1882 nos
757 1814 908 1880 doceant.
1097 1894 1099 1898 f

78 1896 145 1968 Art.
168 1897 202 1968 3.
227 1898 278 1968 clo
302 1901 393 1971 liccat
413 1903 627 1972 irrationalem
650 1910 822 1972 creatarum
837 1902 1044 1986 adjurarem
1059 1901 1122 1972 Ad·

22 1991 23 1996 ’
95 1989 222 2070 jurare,
241 1993 285 2077 ¹ut
308 1991 453 2058 refertur
475 1992 518 2057 ad
540 1991 656 2075 ipsam,
678 1997 727 2058 εει
750 2011 893 2072 vanum;
917 1996 954 2060 ut
977 1992 1123 2060 retertur

99 2078 143 2142 ad
172 2097 250 2143 eum
273 2099 293 2146 a
316 2099 383 2166 quo
411 2085 582 2161 movetur,
611 2081 734 2161 idest,
757 2082 800 2147 ad
822 2081 944 2162 ileum³
970 2081 1022 2146 vel
1045 2079 1119 2150 Dae·

22 2239 23 2296 ᾖ
100 2183 246 2250 monem,
269 2169 420 2252 ticet‚,ut
442 2188 554 2256 supra.
709 2174 711 2178 ’
984 2167 986 2174 ’

458 2343 643 2434 consilo
665 2345 741 2416 XGl.

22 2555 24 2672 y
79 2495 169 2592 De
194 2529 612 2609 assumptione
637 2527 830 2594 divini
853 2526 1117 2598 nominis

339 2618 415 2684 ad
450 2616 858 2685 invocandum
1000 2681 1006 2692 ,
1106 2635 1126 2693 2

136 2717 255 2786 por
284 2709 644 2788 orationem,
674 2711 777 2776 vel
800 2705 1103 2780 laudem-20.

22 2939 23 2944 ,
81 2876 147 2947 Art.
169 2880 202 2950 l.
224 2881 278 2950 Ao
300 2881 383 2950 Deua
404 2886 450 2950 sit
476 2903 527 2952 cre
560 2881 736 2949 iucundos.
767 2883 803 2966 ri.
832 2881 901 2962 Sic,
933 2901 1002 2948 non
1033 2877 1125 2968 quod

99 2971 141 3035 sit
162 2973 346 3038 necessaria
368 2977 506 3057 propter
528 2971 636 3056 ipsum
660 2971 783 3051 Deum,
805 2972 863 3037 sed
888 2977 1023 3056 propter
1046 2990 1122 3052 nos,

22 3115 23 3156 i
64 3089 66 3096 >
100 3065 137 3126 ut
158 3061 341 3128 excitemus
369 3068 521 3128 nostrum
548 3063 701 3128 allectum
732 3059 767 3125 in
791 3061 913 3140 Deum,
942 3064 976 3126 et
999 3060 1123 3128 excite·

100 3168 173 3217 mus
198 3153 339 3220 aliorum
364 3151 499 3218 affectus
522 3151 557 3216 in
581 3147 640 3215 Dei
664 3150 897 3217 reverentiam.

100 3237 111 3264 ²
134 3237 203 3306 Deo
224 3244 389 3346 quantum
413 3241 456 3312 ad
479 3241 551 3324 ejus
573 3237 748 3330 essentiam
763 3239 904 3307 debetur
919 3236 1124 3320 reverentia,

22 3353 23 3364 ¹
100 3333 132 3394 et
164 3329 272 3397 latmae
305 3331 428 3409 honor,
463 3328 541 3416 quia
574 3332 622 3394 est
655 3327 761 3412 maior
790 3328 882 3418 omni
907 3328 1020 3408 laude;
1053 3326 1112 3410 sed

100 3421 262 3504 quantum
280 3420 324 3485 ad
341 3421 476 3486 allectus
498 3417 609 3502 ipsius,
625 3417 684 3503 qui
698 3415 899 3486 ordinantur
913 3417 948 3482 in
964 3419 1113 3491 nostram

100 3507 294 3588 utilitatem,
327 3509 468 3576 debetur
503 3507 582 3574 laus.
613 3505 706 3596 item*
722 3506 793 3574 laus
820 3508 887 3574 oris
914 3511 963 3571 est
985 3502 1114 3575 inutilis

22 3631 24 3642 ›
100 3595 249 3665 laudanti
271 3597 344 3665 sine
366 3597 464 3664 laude
487 3596 606 3665 cordis.

22 3745 24 3870 b
83 3681 143 3756 lrt.
166 3685 199 3758 2.
231 3685 282 3758 Aa
309 3687 346 3756 io
379 3686 494 3754 divinis
529 3683 666 3755 laudibus
701 3687 746 3756 stt
776 3683 1112 3759 accomodaremus

1024 3831 1026 3838 ,
1074 3799 1100 3848 ¹t
