2608 4220
430 144 505 198 n1v1
528 145 677 198 rnonm.
966 125 1075 237 tbi-

280 353 283 360 ’
386 353 565 440 oonsno
587 353 743 422 nxxxrn.

329 541 421 605 De
446 541 784 605 subtilitate

205 644 540 712 corporum
562 632 903 696 beatorum.

35 805 103 875 Art.
128 807 159 875 l.
183 805 235 873 Au
256 807 410 874 subtilitas
432 811 476 875 sit
493 810 665 893 proprietas
694 809 830 892 corporis
863 807 1001 891 ploriosi.
1040 806 1078 892 sl.

57 898 121 979 Sic,
146 901 179 962 et
201 902 249 962 est
272 897 429 981 perfectio
452 897 598 982 eorporis
620 897 760 963 veniens
782 917 824 962 ex
835 896 982 963 dominio
1005 897 1079 962 ani·

60 1007 123 1052 mae
147 987 304 1070 gloriosae,
327 993 361 1052 et
384 1007 452 1054 non
475 989 539 1054 erit
561 988 723 1053 subtilitas
746 1007 788 1052 ex
811 1005 860 1066 eo,
894 986 986 1070 quodv
1007 1005 1080 1051 oor-

58 1097 120 1159 pus
140 1082 290 1163 vertatur
302 1077 336 1141 in
350 1078 520 1160 spiritum:
540 1082 623 1142 esset
639 1077 729 1142 enim
747 1077 890 1156 haeresis,
908 1076 1080 1143 nonenim

59 1170 246 1250 resurgeret
269 1168 387 1232 homo:
414 1165 475 1233 neb
499 1168 569 1232 erit
584 1167 745 1232 subtilitas
769 1186 829 1249 per
859 1167 995 1232 modum
1030 1185 1083 1232 ra·

59 1255 258 1336 relaotionis,
282 1257 358 1340 quia
381 1275 500 1340 eorpus
523 1255 586 1322 erit
608 1254 780 1339 palpabile,
793 1257 920 1322 habens
936 1273 1082 1336 earnem,

58 1350 92 1410 et
115 1363 199 1412 ossa.

38 1439 110 1500 Art.
133 1435 165 1501 2.
188 1433 237 1500 Au
259 1428 379 1502 rotiouo
401 1435 491 1503 buius
514 1433 696 1502 subtilitatis
720 1443 869 1520 competat
883 1437 1005 1521 corpori
1019 1434 1084 1518 plo·

60 1527 144 1589 rioso
167 1525 287 1590 esseio
310 1524 407 1591 eodem
432 1526 494 1591 loco
518 1543 585 1592 oum
609 1526 671 1591 olio
695 1542 822 1610 corpora
848 1546 912 1593 uou
939 1527 1083 1610 plurioso.

62 1616 98 1697 rt.
123 1613 261 1679 Ratione
283 1615 471 1680 subtilitatis
496 1635 576 1692 non,
601 1615 680 1698 quia
704 1633 773 1680 non
789 1618 942 1682 aufertur
957 1616 1085 1682 dimen-

59 1704 109 1768 sio
133 1703 336 1787 quantitatis,
360 1723 434 1788 quae
459 1703 599 1788 requirit
624 1703 797 1787 proprium
820 1703 932 1784 situm,
951 1706 1009 1777 sed
1025 1706 1088 1769 hoe

61 1791 200 1858 babebit
221 1812 262 1857 ex
285 1793 477 1876 operatione
499 1793 632 1858 virtutis
657 1793 793 1874 divinae,
818 1799 851 1860 et
872 1794 920 1860 sio
933 1792 1087 1859 transibit

60 1883 199 1948 ooelum.

41 1969 120 2039 Art.
132 1970 165 2037 3.
184 1969 234 2036 Au
252 1989 309 2053 par
330 1973 513 2038 miraculum
526 1975 623 2056 possit
644 1973 724 2054 fiori,
747 1980 784 2040 ut
804 1973 861 2040 duo
884 1974 1087 2058 corporosiot

60 2065 96 2127 iu
122 2059 224 2128 sobam
248 2060 320 2126 looo.
347 2063 382 2146 b.
406 2061 471 2141 Sic,
495 2067 532 2126 ut
555 2061 590 2127 in
607 2067 706 2144 partu
722 2061 757 2125 B.
775 2061 926 2146 Virginis,
943 2067 977 2128 et
992 2062 1088 2130 Chri-

61 2157 132 2216 stus
155 2149 294 2215 intravit
318 2149 424 2216 ianuis
447 2150 573 2228 olausis,
597 2156 631 2215 et
653 2150 688 2217 in
713 2153 775 2230 boo
798 2172 867 2218 non
884 2157 932 2218 est
954 2155 1086 2218 eontra·

61 2240 176 2318 dictio,
200 2243 234 2304 et
255 2244 436 2324 utrumque
458 2259 576 2323 oorpns
600 2244 683 2305 esset
705 2239 740 2305 in
764 2243 845 2308 loco.

63 2328 170 2395 'Non
194 2330 299 2412 polest
321 2329 393 2394 lieri
417 2349 476 2413 per
500 2330 706 2407 miraculum,
730 2333 819 2414 quod
835 2349 941 2397 unum
964 2351 1084 2416 oorpus
1135 2407 1137 2412 ³

63 2418 214 2485 localiter
234 2417 277 2483 sit
300 2417 334 2483 in
358 2418 497 2484 diversis
520 2418 608 2497 loeis,
632 2423 665 2483 et
687 2436 807 2502 eorpus
836 2419 957 2488 Christi
980 2418 1015 2486 in
1040 2422 1087 2487 al*

59 2507 130 2574 tari
154 2526 222 2572 non
245 2511 294 2572 est
316 2507 350 2573 in
375 2509 456 2589 loeo,
479 2513 513 2574 et
534 2510 650 2575 eadem
674 2507 799 2575 virtute
814 2511 863 2593 lit,
879 2514 917 2575 nt
933 2509 1086 2577 aooidens

62 2598 109 2664 sit
121 2596 195 2662 sine
216 2595 388 2688 subiecto„

41 2689 115 2755 Art.
139 2684 171 2752 ll.
194 2684 244 2752 Au
265 2705 358 2752 uuum
381 2705 488 2770 corpus
510 2689 676 2772 ploriosuu
698 2690 795 2773 possit
827 2708 888 2755 osso
921 2709 988 2756 oum
1024 2689 1086 2755 olio

62 2777 198 2862 plorloso
221 2779 257 2842 iu
278 2776 376 2842 eodem
400 2778 472 2843 loco.
498 2781 533 2862 b.
557 2778 694 2844 Ratione
716 2797 784 2842 suae
795 2777 1017 2861 proprietatis,
1030 2777 1085 2844 vel

63 2865 255 2933 subtilitatis
279 2886 358 2948 non,
380 2867 474 2946 siout,
498 2887 561 2932 neo
582 2886 659 2934 aum
682 2887 751 2933 non
768 2867 920 2952 glorioso,
937 2869 996 2934 sed
1014 2868 1087 2934 vir-

62 2961 138 3021 tute
161 2955 276 3022 divina
299 2956 355 3020 sic.

37 3048 114 3113 Art.
138 3045 169 3110 5.
192 3043 242 3111 Au
265 3064 303 3110 ou
325 3065 379 3112 suo
401 3045 572 3112 subtilitate
600 3054 788 3114 remooootur
818 3067 838 3112 o
867 3067 992 3132 corporo
1026 3050 1089 3133 plo·

62 3137 150 3202 rioso
172 3137 331 3228 uosossitos
354 3136 562 3203 existentiis
585 3137 706 3220 ospuoli
730 3135 804 3202 loco.
832 3138 867 3222 ri.
892 3138 971 3218 Nou,
1009 3139 1087 3222 quia

63 3243 198 3309 semper
218 3229 297 3290 ‘oum
319 3243 359 3290 eo
381 3230 431 3290 est
453 3228 568 3293 eadem
591 3228 768 3310 quantitas.

64 3319 78 3343 ¹
105 3315 229 3397 Corpus
251 3313 369 3380 Christi
393 3314 428 3380 in
452 3320 658 3381 saoramento
681 3315 792 3382 altaris
817 3336 883 3383 non
909 3323 957 3382 est
980 3317 1091 3383 locali·-

66 3413 139 3484 ter3
164 3408 268 3488 potest
290 3404 425 3489 quidem
448 3408 561 3470 beatus
584 3407 720 3489 qnando
736 3407 938 3486 rubridum,
955 3408 1007 3473 vel
1021 3428 1089 3473 non

68 3495 190 3574 videri,
212 3494 290 3578 quia
314 3496 376 3559 boa
398 3494 481 3559 nibil
507 3493 613 3560 variat
637 3495 672 3562 in
698 3498 767 3579 ipso
791 3516 939 3579 corpore.

43 3587 117 3655 Art.
140 3584 172 3652 6.
195 3583 244 3650 Au
266 3601 373 3666 corpus
394 3584 562 3667 ploriosuro
595 3589 715 3652 rationo
737 3604 807 3652 suoo
843 3586 1024 3654 subtilitatis
1046 3591 1091 3656 sit

69 3674 274 3761 impalpabile.
300 3676 334 3756 sl.
359 3673 485 3758 Corpus
518 3675 698 3761 gloriosum
733 3697 775 3742 ex
803 3697 862 3744 sua
897 3682 1016 3745 natura
1052 3683 1107 3746 esb-

142 3766 215 3835 Dt'oi
241 3763 386 3830 Tbomoe.
969 3768 1013 3836 to
