2604 4210
264 63 328 132 lbi
520 80 564 128 nx
590 81 756 132 saeuum
781 82 956 134 sueonum

240 215 304 281 luit
326 217 454 280 causata
477 234 496 279 a
518 213 681 298 superbia,
706 234 780 300 quae
803 217 1015 283 deordinavit
1039 220 1263 300 voluntatem,

240 323 303 370 neo
326 305 389 369 fuit
411 322 470 387 per
485 324 519 369 se
542 303 642 370 volita
658 304 713 371 illa
736 304 972 374 inobedientia.
989 307 1069 373 Item
1093 311 1174 393 gula
1194 333 1262 376 non

239 393 304 459 luit
331 392 476 476 primum
507 393 687 474 motivum,
715 397 773 460 sed
803 396 968 479 persuasio
994 401 1176 480 serpentiS,
1212 403 1264 466 oui

239 481 382 550 eredidit
404 502 445 550 ex
467 483 632 566 superbia.

215 569 285 642 Art.
307 572 341 640 2.
362 570 412 639 Aa
433 572 573 659 soperbia
585 575 682 658 primi
703 575 836 642 bominis
850 577 949 658 suerit
969 585 1106 662 appetere
1121 577 1264 646 divinam

237 662 480 731 similitudinem.
506 664 541 748 il.
565 662 627 742 Sie,
652 683 719 731 non
744 652 1002 749 aequiparantias,
1025 669 1082 732 sed
1099 667 1263 736 imitatio·
1291 715 1292 742 1

237 751 291 820 uis
313 752 503 821 inordinate
524 771 625 838 supra
646 771 740 820 suam
763 773 964 834 mensuram,
980 756 1056 840 quia
1081 757 1205 839 voluit,
1227 764 1263 826 nt
1291 759 1292 844 l

236 861 297 927 per
320 842 480 912 virtutem
509 842 695 910 naturalem
726 845 826 918 ¹sciret
848 846 975 912 bonum
1008 851 1042 912 et
1064 847 1196 913 malum
1220 851 1263 915 ad
1291 845 1292 926 l

236 933 413 1018 agendum,
438 933 492 999 vel
514 931 596 1018 quid
617 933 679 1000 sibi
702 933 864 1000 futurum.
877 933 960 1002 ltem
981 934 1138 1002 scireest
1161 944 1263 1004 natu·
1291 939 1292 1016 l

235 1023 318 1103 rate,
339 1024 397 1090 sed
420 1024 505 1090 velle
537 1023 621 1090 seire
649 1042 749 1110 supra
778 1028 933 1092 naturam
954 1044 1064 1104 suam,
1096 1031 1148 1093 est
1183 1047 1262 1112 peo-

235 1115 358 1180 catum.
1291 1157 1292 1172 2

212 1198 281 1271 Art.
305 1202 337 1272 3.
359 1202 410 1272 Aa
428 1209 583 1289 morabor
601 1205 699 1290 primi
711 1205 849 1289 parentis
869 1206 968 1288 pluit
987 1205 1103 1274 cumb
1115 1210 1260 1288 prosim.
1291 1215 1292 1300 g

236 1295 273 1379 ll.
291 1292 484 1361 Secundum
506 1313 600 1361 suam
622 1293 775 1378 speeiem,
799 1313 884 1374 non;
908 1295 985 1379 quia
1008 1295 1113 1362 maior
1136 1300 1188 1362 est
1203 1317 1260 1364 su·
1291 1331 1292 1388 p

233 1382 360 1467 perbia,
383 1403 449 1469 qua
471 1383 545 1469 quis
566 1383 674 1452 Deum
696 1386 804 1469 negat,
828 1385 881 1450 vel
905 1385 1126 1469 blasphemat,
1151 1405 1258 1470 quam
1291 1407 1292 1450 3

233 1473 399 1558 superbia,
421 1492 486 1558 qua
509 1473 582 1559 quis
605 1474 795 1542 inordinate
824 1472 980 1542 divinam
996 1473 1259 1542 similitudinem
1291 1479 1292 1518 ³

232 1561 377 1648 appetit:
397 1564 456 1630 sed
478 1563 542 1629 fuit
563 1563 795 1649 gravissimum
816 1563 1002 1630 seeundum
1024 1563 1163 1649 quidex
1188 1567 1259 1632 eir·
1291 1635 1292 1638 ,

232 1653 431 1721 oumstantia
460 1671 609 1737 personae
631 1657 666 1720 et
687 1651 897 1739 perfeetionis
919 1657 1038 1736 status3
1061 1655 1095 1720 et
1122 1656 1259 1740 magni·

234 1743 317 1810 tudo
339 1761 447 1828 poenae
471 1763 540 1811 uon
564 1749 613 1810 est
636 1743 765 1812 ratione
786 1742 907 1828 speciei
930 1741 1017 1810 illius
1039 1742 1177 1827 peceati,
1194 1746 1259 1812 sed

231 1833 309 1916 quia
331 1836 403 1900 erat
426 1832 583 1918 primum,
606 1837 641 1901 et
662 1834 726 1901 tuit
746 1832 942 1900 deordinata
966 1837 1034 1900 tota
1057 1835 1196 1902 natura:
1223 1839 1260 1901 et

229 1921 267 1990 in
290 1923 601 2008 pereatisprimum
625 1944 694 1992 non
724 1925 774 1990 est
801 1923 985 1990 maximum
1015 1921 1078 1990 nisi
1107 1942 1168 2006 per
1196 1943 1255 1991 ao·

228 2013 353 2081 uidens.

206 2100 276 2171 Art.
299 2103 332 2171 l.
347 2104 396 2171 Aa
409 2110 566 2187 moutam
579 2103 650 2172 Ado
664 2105 764 2188 tono
776 2105 903 2188 proetus
911 2109 1033 2186 marato
1050 2101 1132 2170 Eoo.
1149 2105 1189 2188 d.
1206 2103 1257 2172 Ex
1291 2165 1292 2172 ,

227 2193 420 2262 conditione
435 2213 584 2278 persone
597 2195 655 2274 sio,
678 2194 757 2280 quia
771 2197 843 2262 erat
865 2193 1123 2278 perfeetiorvir3
1142 2211 1256 2280 quan·

227 2285 301 2350 tum
323 2285 366 2351 ad
382 2303 485 2369 genus
507 2285 571 2351 tuit
593 2287 727 2371 aequale,
743 2283 821 2370 quia
844 2288 1024 2369 utrumque
1046 2281 1110 2348 tuit
1131 2302 1252 2366 super-

227 2371 297 2440 bia:
321 2375 484 2460 quantum
507 2376 550 2442 ad
576 2374 720 2459 speeiem
748 2373 912 2459 superbiae
935 2371 1069 2458 gravius
1098 2373 1253 2456 peccavit

226 2461 305 2545 llva,
328 2463 407 2550 quia
421 2464 564 2532 eredidit
586 2464 732 2542 Diabolo‚
748 2469 783 2531 et
803 2463 852 2532 sio
870 2463 975 2528 voluit
992 2461 1250 2532 similitudinem

224 2551 286 2620 Dei
308 2573 482 2640 peresum
505 2554 588 2640 ligni
611 2557 728 2622 eontra
750 2555 957 2620 voluntatem
972 2551 1048 2633 llei;
1071 2552 1130 2618 sed
1142 2552 1250 2620 Adam

224 2662 294 2710 non
316 2643 468 2722 eredidit,
491 2650 525 2710 et
557 2643 604 2710 sio
638 2644 746 2711 noluit
771 2641 1022 2710 similitudinem
1046 2640 1105 2707 Dei
1128 2647 1251 2710 eontra

175 2729 177 2738 '
223 2734 430 2802 voluntatem
451 2734 528 2801 llei:
559 2734 618 2800 sed
640 2732 790 2818 peeoavit
812 2733 894 2800 dum
921 2731 1148 2815 perseipsum
1172 2752 1249 2799 eam

222 2823 381 2910 oonsequi
415 2824 530 2892 voluit.
554 2823 636 2891 ltem
670 2823 737 2890 Eva
770 2821 919 2909 peooavit
941 2820 977 2887 in
1011 2820 1116 2888 lleum
1151 2826 1186 2886 et
1208 2823 1247 2889 in

221 2913 429 2998 proximum,
452 2913 530 3000 quia
553 2913 688 2983 induxit
721 2911 840 2994 Adam,
862 2912 921 2979 sed
942 2910 1045 2978 Adam
1076 2912 1250 2978 consensit

222 3003 388 3071 amicabili
409 3006 554 3090 quadam
574 3002 818 3084 benevolentia,
833 3004 867 3069 et
888 3001 935 3068 sio
950 2999 1152 3069 diminuitur
1167 2999 1247 3068 bdae

219 3097 403 3176 peecatum.
420 3093 503 3161 ltem
523 3114 566 3161 ex
581 3092 762 3180 Augustino
783 3092 887 3160 Adam
909 3091 1103 3175 inexpertus
1117 3089 1247 3158 divinae

218 3183 405 3252 severitatis
432 3183 575 3266 eredidit
600 3183 683 3250 illud
717 3185 889 3268 peecatum
923 3197 993 3248 essa
1014 3179 1163 3262 veniale,
1186 3179 1248 3248 sed

219 3291 289 3343 non
311 3275 487 3344 exuuntur
508 3275 572 3342 bau
593 3272 793 3360 ignorantia.
