2636 4202
482 139 552 188 unu
577 136 724 189 unonnn.
1058 123 1077 190 7

86 289 147 359 Art.
169 291 200 357 2.
223 287 273 356 An
296 287 418 372 attentet
439 287 526 356 attunt
544 301 635 374 *quum
657 289 740 360 Dens
760 293 940 376 pontense
965 294 1126 378 infinitum

104 401 155 464 per
177 383 345 447 essentiam.
371 383 409 470 nt.
433 377 515 459 non,
540 380 617 466 quta
640 387 719 447 sunt
734 401 775 448 ex
791 381 866 461 atio,
882 381 918 450 iu
935 385 994 463 est,
1010 401 1029 449 a
1045 381 1124 450 Deo.

107 475 117 495 ¹
139 470 221 536 Deus
245 490 313 536 uon
338 471 446 554 potest
468 469 575 536 facere
606 470 777 538 infinitum
807 471 1017 556 simpliciter,
1049 472 1126 538 lieet

105 561 144 626 sit
166 559 313 644 putentia
337 561 372 625 in
398 557 545 638 infinita,
576 557 653 646 quia
679 565 727 626 est
749 567 866 628 eontra
889 563 1053 628 rationem
1078 562 1127 628 ta·

106 650 159 729 eti,
193 669 270 716 num
306 669 375 714 esse
410 649 458 714 rei
494 651 587 716 taetae
616 669 684 719 non
708 651 750 716 sit
774 653 845 736 ejus
868 651 1020 719 essentia.
1044 649 1126 718 {tem

106 739 238 806 materia
261 737 370 824 prima
394 757 463 803 non
487 743 712 822 estperens,
736 741 794 808 sed
818 741 967 826 potentia
991 744 1126 807 tantum

107 831 143 896 ad
174 830 297 895 formas
332 828 517 909 naturales,
552 833 593 907 et¹
621 829 695 896 ideo
726 830 835 915 potius
860 835 910 897 est
931 833 1125 910 concreata,

107 937 200 1004 quam
218 920 339 984 ereata.
365 917 445 983 Item
469 916 656 985 intetteutus
677 939 712 985 se
735 921 887 987 extendit
913 921 956 987 ad
980 919 1124 1000 infinita,

107 1009 177 1093 quia
200 1027 270 1074 non
294 1012 344 1074 εει
367 1007 514 1091 potentia
538 1012 669 1093 recepta
694 1009 728 1076 in
750 1011 900 1092 materia,
915 1011 973 1076 sed
990 1029 1059 1076 non
1077 1013 1127 1078 est

107 1098 232 1164 infinita
256 1097 459 1182 simpliciter.

92 1186 148 1254 Art.
172 1187 202 1254 3.
233 1185 283 1254 An
311 1190 417 1270 puettt·
434 1199 495 1254 etse
516 1177 641 1274 aliquid
666 1190 828 1276 infinitam
862 1198 934 1258 netu
949 1165 951 1172 ¹
968 1187 1129 1258 seeundum
1263 1235 1265 1240 -

108 1278 354 1361 mannitudtnm.
378 1280 414 1368 nt.
439 1277 521 1357 Non,
545 1277 623 1364 quia
645 1295 745 1346 umne
760 1297 880 1366 eorpus
897 1281 997 1347 habet
1011 1299 1128 1364 super·

58 1413 66 1426 .
111 1369 211 1434 ficiem
236 1367 376 1447 finitam,
401 1366 621 1434 determinata
637 1367 831 1451 aeetdentia,
846 1374 880 1437 et
895 1367 1128 1456 quantitatem,

111 1477 177 1540 quae
194 1462 383 1542 sequuntur
405 1457 548 1524 turmam
570 1458 710 1540 finitam,
733 1462 768 1525 et
790 1459 961 1527 infinitum
985 1478 1054 1526 nnn
1071 1461 1131 1526 ha·

112 1549 197 1613 beret
218 1551 359 1614 motum.
384 1547 464 1613 ltem
488 1547 565 1613 linet
588 1545 759 1616 infinitum
780 1569 849 1617 nnn
865 1552 1031 1635 repugnet
1048 1549 1130 1616 ima-

111 1636 265 1720 ginationi
296 1637 331 1703 in
360 1636 547 1716 communi,
578 1642 689 1704 tamen
719 1642 885 1726 repugnat
913 1641 984 1724 ejus
1005 1636 1129 1724 speciei

112 1731 144 1792 ut
164 1725 319 1808 nieubnt,
348 1729 382 1792 ει
404 1731 645 1812 consequenter
671 1730 796 1812 generi.
829 1727 909 1796 Item
940 1735 1073 1812 tempus
1097 1730 1132 1793 et

113 1821 211 1883 motus
240 1836 311 1883 non
340 1821 419 1884 sunt
442 1819 626 1900 seeundum
648 1837 684 1884 se
706 1821 775 1886 ιοιε
798 1819 832 1885 in
858 1824 947 1899 actu,
970 1817 1056 1885 siant
1082 1821 1132 1890 est

114 1908 311 1991 magnitudo,
335 1909 501 1991 unquam
524 1922 655 1974 eausam
679 1927 747 1974 non
771 1911 965 1992 potestesse
984 1903 1129 1972 infinita.

95 1995 153 2064 Art.
176 1996 207 2064 4.
230 1995 281 2062 An
303 1999 401 2080 ρεεειι
421 2013 481 2068 etta
504 1999 663 2080 infinitum
687 2001 721 2064 in
744 1998 833 2066 retae
860 1997 1023 2065 seeundum
1052 1997 1129 2063 mnt-

114 2087 276 2154 te'tndtnem.
301 2089 337 2170 ιι.
361 2087 442 2165 Non,
464 2086 543 2172 quia
567 2092 650 2154 esset
673 2088 708 2153 in
732 2088 841 2174 aliqua
858 2087 966 2172 speeie
983 2085 1129 2165 numeri,

116 2176 210 2242 etsie
233 2175 345 2257 sinna,
367 2177 425 2242 sed
448 2175 483 2242 in
509 2175 655 2258 putentia
679 2181 785 2261 potest
807 2177 880 2245 dari
904 2180 942 2243 ut
964 2175 1131 2242 divisibile

115 2265 146 2331 in
168 2265 348 2331 infinitum.
373 2265 453 2331 ltem
477 2283 603 2349 ponere
626 2266 808 2349 infinitum,
832 2265 1013 2352 opponitur
1035 2264 1132 2332 auili-

22 2365 23 2382 ¹
114 2356 164 2420 bet
184 2355 304 2439 speetei
329 2355 564 2422 multitudinis.

464 2485 644 2620 nnnsnn
668 2535 744 2605 uu.

152 2717 243 2820 De
269 2715 598 2802 existentia
622 2719 738 2785 Dei
762 2719 826 2785 in
849 2716 1060 2796 rebus.
1177 2760 1179 2768 ,

96 2893 156 2963 tet.
180 2895 210 2963 t.
233 2896 284 2964 An
307 2897 390 2964 Dete
411 2845 517 2964 attin·
535 2893 673 2964 mattae
695 2897 793 2967 retus.
817 2897 853 2982 tt.
874 2895 937 2976 Sic,
955 2897 989 2960 et
1004 2893 1133 2974 intime,

113 3005 175 3053 nnn
199 2990 238 3052 ut
260 2999 346 3070 pat-s,
370 2990 423 3053 vet
447 2988 612 3066 aeetdene,
636 2988 694 3054 eed
719 2995 756 3054 ut
778 3005 898 3074 agene,
922 2985 1012 3071 quod
1037 2983 1073 3052 in
1100 2983 1134 3051 id
1271 3063 1273 3068 ,

116 3075 188 3161 agit,
211 3081 246 3141 ει
268 3079 435 3161 operatur,
459 3081 494 3142 et
515 3081 690 3146 conservat
713 3095 782 3144 esse
805 3078 916 3144 rebus.
983 3107 987 3114 ·

117 3163 202 3232 *nst
226 3170 337 3233 tamen
360 3185 460 3250 super
482 3167 595 3234 omnia
618 3171 755 3252 propter
784 3164 1013 3234 excellentiam
1037 3167 1135 3232 nutu·

116 3271 168 3336 re,
189 3259 224 3322 et
246 3256 360 3324 omnia
381 3259 462 3324 sunt
484 3257 519 3323 tn
543 3255 621 3339 Deo,
645 3257 722 3342 quia
745 3256 964 3324 eontinentur
985 3257 1028 3324 ab
1052 3273 1102 3322 en.

115 3343 184 3411 *tn
207 3346 357 3430 hisquae
380 3365 448 3413 nun
473 3349 599 3426 habent
626 3351 779 3415 naturam
809 3351 1018 3432 nou-ruptam,
1049 3343 1136 3410 Deus

116 3433 234 3502 dieitur
256 3455 326 3503 εεεε
346 3435 550 3521 simpliciter,
572 3437 631 3504 sed
654 3436 689 3505 in
713 3437 924 3506 daemonibus
946 3451 1023 3502 aum
1042 3433 1136 3500 addi·

118 3523 214 3605 tinne,
241 3529 282 3592 ut
303 3525 460 3612 quoedam'
480 3545 535 3592 ree·
554 3530 644 3594 sunt.

102 3609 158 3683 Art.
180 3615 213 3683 2.
236 3615 287 3686 An
310 3615 392 3684 Dent
414 3618 458 3683 eit
477 3616 594 3703 utique.
619 3620 656 3707 n.
680 3616 750 3698 Sia,
782 3619 815 3684 et
843 3620 882 3683 ut
905 3615 940 3682 in
966 3633 1019 3696 re,
1043 3617 1077 3680 ει
1099 3617 1138 3680 ut

118 3702 147 3770 in
169 3707 254 3788 loeo,
277 3705 355 3792 quia
379 3706 436 3773 dat
452 3724 530 3788 esse,
555 3707 725 3790 virtutem,
743 3711 776 3774 ει
792 3705 922 3791 operari
947 3705 1046 3772 etiam
1073 3703 1146 3783 hisp

118 3811 186 3878 quae
209 3796 319 3864 tonum
343 3797 493 3882 implent.

1293 3607 1295 3654 t
