2622 4210
474 107 550 157 DIVI
576 105 723 160 THOMAE·

418 329 597 415 QUAESTIO
625 332 770 404 CXXXV.

314 516 406 579 De
429 517 874 596 parvificantia.

24 689 25 696 ’
77 690 142 760 Art.
164 690 194 758 t.
217 689 267 758 An
288 694 501 776 pomifioentto
523 695 567 758 eit
587 693 707 760 vitium.
739 696 774 778 rt.
798 694 865 773 Sie,
895 696 973 779 quia
1003 696 1114 761 deficit

96 781 365 865 aproportione,
397 802 470 865 quae
500 785 597 847 debet
633 803 701 848 esse
735 786 919 850 seeundum
950 787 1113 852 rationem

97 871 183 936 inter
203 877 356 955 sumptus
379 877 411 938 et
434 891 524 960 opus,
551 873 584 935 id
608 878 656 936 εει
680 872 714 939 in
738 893 837 961 opere
861 894 981 958 magno
1003 876 1114 942 inten-

97 961 144 1025 dit
166 961 380 1045 parvifacere,
404 963 437 1024 et
459 962 570 1026 detioit
592 981 610 1026 a
635 961 748 1045 regula
772 964 919 1042 rationis,
943 965 1038 1029 etsie
1056 967 1114 1030 ha·

97 1051 151 1114 bet
174 1052 337 1117 rationem
361 1049 443 1126 vitii,
467 1056 501 1114 et
524 1051 681 1116 convenit
704 1071 779 1117 eum
803 1053 953 1118 avaritia.

76 1136 141 1208 Art.
163 1141 197 1206 2.
219 1139 268 1208 An
289 1142 507 1225 poroifieenn'oe
530 1147 700 1223 opponatur
723 1143 841 1224 aliquio
861 1146 981 1209 vittam.
1000 1145 1035 1226 ri.
1050 1141 1113 1221 Sic,

98 1229 131 1295 id
157 1234 204 1296 est
228 1232 436 1314 consumptio
466 1233 599 1314 quando
628 1231 757 1296 excedit
785 1233 1033 1317 proportionem
1058 1252 1116 1298 εε-

99 1339 285 1400 pensarum,
308 1320 342 1385 id
358 1327 406 1386 est
421 1319 448 1384 si
465 1321 537 1403 plus
552 1320 721 1402 expendit,
738 1341 838 1405 quam
854 1343 935 1408 opus
952 1322 1114 1406 requirat.

98 1405 112 1432 *
133 1409 372 1494 magnificentia
395 1408 471 1475 taeit
495 1429 653 1494 magnum
677 1429 774 1492 opm,
804 1414 861 1478 sed
892 1432 961 1480 non
985 1413 1115 1479 excedit

98 1498 131 1564 in
153 1504 290 1586 sumptu
314 1500 564 1582 proportionem
587 1500 704 1581 operis.

413 1675 594 1762 ευεεειε
616 1677 773 1747 cxxxvi.

382 1862 473 1925 De
497 1862 809 1942 patientia.

81 2033 141 2104 Art.
167 2037 197 2104 i.
220 2034 270 2103 Ao
290 2040 443 2120 patientia
466 2042 509 2103 sit
529 2041 637 2104 virtus.
668 2041 702 2122 rt.
730 2038 794 2120 Sie,¹
832 2037 909 2121 quia
942 2042 1116 2104 conservat

24 2197 25 2208 p
99 2129 222 2193 bonum
247 2129 384 2192 rationis
408 2133 523 2193 eontra
546 2128 804 2212 tristitiamquae
822 2132 927 2210 potest
944 2129 1114 2210 impedire,

99 2218 197 2283 etsie
221 2221 270 2281 est
292 2217 409 2295 virtus,
434 2238 497 2301 qua
523 2218 606 2282 mata
630 2237 723 2300 aequo
741 2219 852 2284 animo
874 2220 1061 2296 tolerarim,
1079 2221 1116 2281 ut

101 2306 330 2388 perveniamus
353 2309 395 2372 ed
418 2307 610 2376 fruitionem
635 2309 798 2372 bonorum
822 2308 856 2371 in
882 2308 998 2390 patria.

99 2393 113 2423 *
133 2397 196 2481 Qui
221 2394 306 2462 mala
328 2397 469 2464 sustinet
492 2402 528 2461 ut
552 2396 637 2462 mala
660 2397 766 2476 faeiat,
791 2401 852 2462 neo'
876 2398 1039 2475 miranda,
1063 2398 1116 2461 vel

99 2486 262 2552 laudanda
287 2487 445 2569 patientie
469 2507 542 2570 quae
567 2486 655 2550 nulia
679 2492 735 2564 εει,
760 2489 817 2552 sed
841 2487 979 2552 duritia.

24 2577 25 2590 ¹
81 2571 135 2641 Art
154 2577 186 2643 2.
212 2573 261 2641 An
281 2578 434 2658 patientta
456 2580 499 2642 stt
516 2578 674 2659 potissimo
695 2579 855 2644 virtutum.
882 2578 916 2661 rt.
941 2576 1116 2660 Nonquia

100 2666 167 2730 aliae
202 2665 343 2730 virtutes
377 2666 512 2732 directae
544 2671 624 2730 sunt
657 2667 879 2731 constitutivae
911 2666 1004 2743 boni,
1029 2668 1117 2753 quod

100 2755 172 2822 tacit
195 2755 368 2820 hominem
392 2759 534 2836 honum,
562 2756 620 2820 sed
642 2757 802 2840 patientia
831 2759 880 2820 est
902 2760 1034 2823 tantum
1058 2756 1116 2824 im·

99 2844 244 2926 peditiva
267 2863 393 2925 eorum,
417 2865 492 2931 quae
515 2847 687 2912 abducunt
710 2867 729 2911 a
752 2849 850 2922 bono,
867 2850 899 2908 ει
915 2845 1037 2911 dieitur
1060 2847 1117 2910 ho·

99 2935 173 3000 bere
197 2953 279 3018 opus
303 2935 486 3016 perfeetum
509 2936 545 3000 in
569 2935 714 3000 adversis
738 2934 926 3001 tolerandis.

82 3020 140 3091 Art.
165 3025 197 3092 3.
221 3022 271 3090 An
292 3025 445 3106 patientta
471 3027 571 3108 possit
595 3023 700 3090 tatere
732 3028 798 3092 sine
831 3029 944 3108 pratia.
976 3027 1011 3110 n.
1040 3025 1117 3091 Sine

100 3115 218 3180 auxilio
242 3114 356 3198 gratiae
380 3136 459 3194 non,
483 3115 560 3199 quia
583 3113 780 3180 naturaiiter
804 3119 901 3182 homo
926 3136 994 3181 non
1019 3115 1118 3198 etegit

100 3207 163 3284 pati
200 3204 342 3282 malum,
378 3205 440 3270 nisi
469 3210 605 3288 propter
636 3207 754 3283 tinem,
784 3225 841 3270 seu
867 3208 990 3274 bonum
1015 3205 1117 3288 magis

101 3295 236 3360 volitum
260 3297 294 3358 et
316 3300 472 3373 amatum,
498 3314 597 3380 quam
621 3294 713 3374 illud,
737 3297 831 3380 eujus
847 3295 989 3380 privatio
1006 3298 1118 3360 causat

100 3383 246 3448 dolorem
269 3402 368 3469 quem
392 3385 557 3468 patienter
588 3385 720 3462 tolerat,
753 3390 785 3448 et
815 3387 877 3450 hoo
907 3384 1052 3466 pertinet
1075 3383 1118 3450 ad

100 3473 303 3553 charitatem,
328 3493 401 3557 quae
425 3475 532 3558 diligit
555 3473 660 3539 Deum
682 3483 782 3557 supra
798 3474 925 3540 omnia:
946 3491 1024 3556 ergo
1040 3491 1116 3538 oum

100 3561 255 3644 patientia
278 3567 431 3630 causetur
453 3585 472 3630 a
495 3564 654 3630 charitate
678 3584 745 3629 non
772 3569 820 3630 est
843 3563 915 3631 sine
938 3563 1054 3648 gratia.

101 3653 293 3721 'Tolerare
323 3654 409 3722 mata
440 3657 576 3739 propter
605 3654 781 3723 sanitatem
816 3655 963 3738 eorporis
994 3657 1042 3720 est
1076 3673 1116 3722 ex
