2608 4220
275 61 344 132 524
586 81 632 132 nx
657 78 925 132 surranunuro

251 200 436 281 comparet:
458 198 666 264 deformitas:
690 197 718 264 si
742 196 890 264 nascitur
912 197 1072 282 affinitas:
1101 195 1196 284 quia
1221 209 1293 280 pec

252 287 342 354 cavit
365 305 440 354 eum
458 287 702 372 consanguinee
722 305 878 371 spousac:
903 291 937 356 ct
975 289 1018 354 ad
1053 290 1123 354 hoo
1170 285 1293 352 sufficit

251 377 347 456 fama.
371 376 463 458 item,
487 381 623 461 possunt
645 395 680 442 se
703 376 849 442 invicem
873 378 1044 444 absolvere
1059 377 1294 464 spondentem

252 465 348 546 item,
372 481 431 549 p'or
468 466 718 533 fornicationem
752 466 898 534 alterius.
924 467 1020 548 item,
1043 465 1071 532 si
1112 463 1294 533 contraxit

252 575 329 624 oum
350 555 412 624 alia
435 558 610 641 perverba
634 557 677 621 de
700 556 867 639 praesenti.

610 732 789 821 QUAESTIO
813 731 915 806 xtvt.

309 920 401 986 De
424 916 803 987 matrimonii
827 916 1219 990 definitione.

229 1096 297 1166 Art.
323 1096 354 1164 i.
376 1094 424 1163 An
447 1096 677 1162 matrimonium
698 1096 741 1160 uit
763 1097 798 1161 in
831 1112 940 1179 nauum
978 1095 1233 1162 coniunctionis.
1260 1097 1296 1180 ri.

252 1187 315 1265 Sic,
338 1186 416 1271 quia
439 1189 488 1250 est
510 1184 702 1251 coniunctio
725 1186 869 1251 duorum
892 1185 935 1250 ad
958 1202 1076 1253 unum.

230 1276 299 1345 Art.
322 1275 353 1343 2.
376 1275 426 1342 An
448 1276 678 1340 matrimonium
701 1277 917 1341 convenientur
943 1277 1131 1344 nominetur.
1159 1277 1201 1360 ri.
1233 1275 1296 1354 Sic,

254 1387 294 1432 ex
318 1365 487 1432 communi
510 1383 572 1429 usu
602 1364 770 1448 loquendi.
795 1364 875 1430 item
905 1365 1047 1431 essentia
1070 1365 1293 1433 matrimonii

253 1460 301 1522 est
312 1453 513 1532 coniunctio,
526 1455 559 1519 et
573 1451 619 1518 sic
635 1453 758 1519 dicitur
784 1453 995 1538 coniugiun13
1021 1458 1069 1520 est
1081 1475 1182 1521 causa
1201 1455 1297 1532 eius,

254 1545 338 1611 idest
361 1542 579 1626 desponsatio,
602 1545 635 1607 et
658 1542 781 1608 dicitur
810 1543 947 1626 nuptiae,
971 1543 1049 1628 quia
1072 1545 1107 1611 iu
1140 1545 1295 1628 despon-

253 1635 380 1701 satione
403 1634 557 1698 veiantur
579 1631 685 1716 capita
702 1633 923 1712 nubentium
939 1637 988 1698 est
1010 1634 1158 1711 eftectus,
1185 1641 1225 1702 et
1240 1635 1294 1699 di·

216 1720 218 1724 ’
256 1724 343 1791 citur
369 1721 644 1801 matrimonium,
668 1721 761 1807 quasi
789 1723 904 1788 matris
932 1723 1097 1802 munium,
1121 1723 1217 1790 idest
1241 1725 1292 1790 oi·

256 1814 379 1880 tioium.

232 1904 303 1972 Art.
327 1902 357 1969 3.
382 1903 433 1968 An
455 1903 686 1968 matrimonium
714 1904 928 1970 conuenienter
956 1903 1122 1987 definiatur
1159 1907 1197 1971 iu
1239 1905 1293 1970 iit·

259 1999 333 2061 ora.
359 1995 393 2078 ri.
417 1991 479 2071 Sic,
504 1995 536 2058 et
560 1996 608 2056 est
639 1991 703 2058 viri
723 1992 936 2077 mulierisque
960 1993 1154 2060 coniunctio
1185 1996 1292 2060 mari·

255 2085 327 2149 talis
352 2080 497 2148 retinens
533 2081 752 2159 individuam,
792 2086 824 2146 et
863 2087 1056 2168 perpetuam
1087 2083 1168 2149 vitae
1203 2105 1292 2151 aon·

254 2171 477 2249 suetudinem,
500 2175 533 2236 et
557 2171 628 2236 haec
651 2175 699 2236 est
722 2171 912 2254 essenuatts,
938 2192 1017 2238 uam
1049 2192 1111 2257 per
1131 2193 1290 2252 causam,

255 2265 304 2328 est
325 2280 502 2328 cousensus
525 2259 708 2346 utriusque.
741 2261 820 2326 item
848 2281 907 2345 per
929 2265 1093 2344 effectum,
1117 2267 1168 2330 est
1191 2264 1292 2332 oron

257 2351 347 2420 natio
369 2351 412 2419 ad
435 2350 537 2417 vitam
561 2369 773 2418 communem
798 2351 832 2416 in
857 2352 1055 2420 domesticis.

370 2461 381 2496 t

608 2527 787 2614 consuo
810 2527 897 2601 xut.

331 2711 425 2781 De
448 2725 761 2779 consensu
790 2715 1174 2790 matrimonii

227 2799 230 2806 ’
538 2800 881 2868 secundum
906 2819 987 2869 se.

234 2979 302 3052 Art.
324 2979 357 3049 1.
379 2978 429 3050 Aa
450 2999 611 3048 comuntur
626 2983 769 3048 sitcuuua
783 2982 918 3065 officium
940 2982 1144 3050 matrimonii.
1161 2984 1197 3068 ri.
1214 2981 1285 3062 Sic,

257 3075 295 3137 ut
319 3072 368 3138 est
389 3070 425 3138 in
461 3070 532 3138 aliis
560 3069 795 3137 contractibus.
819 3070 916 3150 ltem,
939 3071 1054 3137 diviua
1092 3072 1200 3138 virtus
1232 3079 1285 3138 eut

256 3179 353 3227 causa
376 3160 483 3245 prima
506 3161 720 3241 matrimonii,
743 3179 920 3227 consensus
942 3161 1213 3228 contrahentium
1231 3168 1285 3228 est

257 3270 354 3317 causa
383 3250 539 3331 secunda,
563 3269 637 3336 quae
660 3250 760 3316 habet
793 3249 973 3318 efficaciam
1011 3270 1053 3316 ex
1087 3249 1203 3318 diviua
1227 3251 1283 3320 in·

257 3340 439 3409 stitutione.

235 3429 303 3497 Art.
326 3428 358 3499 2.
380 3429 430 3497 An
453 3448 614 3496 camoenam
635 3436 774 3512 oporteat
793 3432 926 3514 exprimi
945 3449 1001 3516 per
1022 3429 1114 3498 ouria
1136 3429 1171 3497 do
1186 3450 1282 3516 pruc-

258 3522 348 3585 muti.
373 3522 409 3604 ri.
431 3519 493 3599 Sic,
515 3517 592 3604 quia
615 3518 650 3585 in
685 3519 898 3587 sacramentis
922 3519 1106 3604 requiritur
1138 3520 1279 3606 siguum

257 3608 410 3676 sensibile
430 3609 546 3676 saltem
569 3612 763 3694 pernotus,
786 3614 824 3676 ut
847 3609 882 3677 iu
907 3615 1017 3691 muto,
1039 3608 1069 3677 si
1098 3611 1208 3696 puelia
1229 3610 1277 3678 sit
