2608 4220
416 62 494 116 n1v1
518 61 666 116 runnu.
951 45 1017 116 527

22 183 310 265 matrimonium
332 181 361 250 ei
383 188 432 250 est
453 185 650 270 contingens
664 185 752 251 fiunt
761 183 935 266 sponsalia,
952 187 991 251 ut
1002 203 1062 269 per

21 274 133 340 verba
161 274 348 341 defuturo,
840 345 841 349 ,

18 361 66 430 lrt.
93 363 134 430 6.
160 363 216 431 Aa
238 365 350 448 uliquis
373 382 411 430 ec
442 371 599 450 praerepto
630 367 732 448 putria
751 367 851 451 pmsit
881 364 1009 454 impelli
1025 363 1084 430 oi

18 455 271 520 matrimonium
292 455 595 544 commutandumnl.
619 455 689 521 Non
706 460 812 538 potest
826 474 868 520 ex
883 457 1060 537 praeopto,

18 549 135 626 potest
164 551 277 610 tamen
301 564 343 609 ex
364 563 461 610 causa
484 543 672 611 rationabili
702 545 860 612 inducere
889 543 994 608 ulium
1018 544 1061 609 ad

18 632 287 699 matrimonium
294 650 304 713 ;
328 637 362 700 et
385 653 445 718 pro
467 635 624 720 qualitate
639 652 746 700 eausae
760 634 847 700 lilius
862 633 961 698 dehet
984 634 1061 698 cbe-

18 720 105 788 dire.
135 725 235 802 item,
258 722 392 807 quando
415 729 567 810 parentes
591 724 799 807 promittunt,
815 729 849 789 et
863 721 977 788 iurant
993 741 1054 804 pro

18 812 98 878 liliis
124 813 352 897 intelligitur,
376 813 403 879 si
431 813 478 880 eis
511 813 682 898 placuerit.
706 813 797 892 ltem,
832 832 916 897 papa
950 814 1057 894 potest

18 919 151 986 cogere
175 901 319 987 aliquem
341 904 384 968 ad
406 904 641 989 episcopatum,
664 902 742 987 quia
757 901 803 968 ibi
819 921 887 968 non
904 905 953 968 est
968 919 1061 985 quae·
1079 945 1083 954 ·

18 991 100 1058 uam
127 991 278 1061 servitus
300 994 491 1078 corporalis,
514 993 609 1060 utin
632 991 857 1060 matrimonio.

372 1171 551 1259 QUAESTIO
573 1171 703 1244 XLVlll.
740 1157 741 1160 ‘

158 1351 252 1423 De
277 1355 519 1423 oblecto
543 1371 902 1424 consensus·

18 1535 70 1600 lri.
97 1533 133 1600 l.
157 1531 209 1601 Au
231 1553 391 1604 irruemus
413 1538 468 1619 qui
488 1538 568 1622 [ocii
587 1535 836 1617 matrimonium,
862 1537 909 1602 ait
928 1555 1057 1604 causeu-

18 1638 73 1690 sus
89 1625 131 1690 im
155 1620 310 1692 oaruolem
337 1628 484 1709 copulam.
516 1629 551 1712 il.
574 1627 661 1705 Non,
692 1626 756 1691 nisi
785 1625 961 1708 implicite,
1001 1627 1060 1694 sed

18 1733 212 1780 consensus
233 1715 386 1798 explicite
408 1721 457 1782 est
479 1716 647 1784 associatio
669 1713 735 1780 viri
758 1717 792 1779 et
815 1714 963 1782 mulieris
978 1733 1079 1781 oum»

18 1803 320 1888 consequentibus,
344 1809 377 1871 et
399 1807 516 1890 copula
539 1826 607 1872 non
632 1808 681 1872 est
702 1806 745 1870 de
771 1805 912 1871 essentia
942 1805 1059 1872 matri·

20 1911 158 1960 monn.-

19 1982 32 2007 ·
53 1982 140 2050 Post
165 1986 291 2064 votum,
314 2003 492 2052 consensus
515 1983 551 2052 in
582 1981 833 2053 matrimonium
848 1986 1070 2065 damnatur„

19 2074 106 2157 quia
130 2073 233 2139 datur
255 2078 395 2158 potestas
417 2077 461 2142 ad
483 2075 518 2140 id
541 2077 630 2160 quod
655 2095 723 2142 non
747 2073 841 2153 licet,
870 2094 939 2141 non
963 2078 1052 2159 quod

22 2163 216 2231 necessario
237 2163 386 2231 includat
409 2166 576 2232 carnalem
599 2167 760 2248 copulam.
777 2163 872 2243 Item,
888 2164 977 2231 inter
991 2166 1058 2232 fra'·

22 2256 128 2334 trem,
155 2258 189 2322 et
210 2272 356 2322 sororem
379 2274 448 2322 non
472 2259 578 2339 potest
600 2275 669 2321 esse
691 2253 952 2331 matrimonium,
977 2255 1078 2340 quia·

21 2341 120 2409 inter
145 2345 203 2410 has
226 2363 295 2411 non
318 2348 514 2428 potestesse
536 2348 677 2428 poteslas
699 2345 742 2411 ad
770 2345 932 2429 copulam.
961 2342 1064 2424 item,-

22 2432 100 2498 lraeo
124 2433 282 2513 conditio,
305 2434 476 2501 consentio
499 2434 534 2500 in
559 2440 601 2513 te,
628 2435 810 2500 dummodo
839 2453 908 2501 non
931 2452 1054 2518 eogno-

23 2539 100 2588 scas
125 2541 190 2601 me,
213 2526 262 2588 est
283 2524 448 2591 contraria
478 2523 710 2605 matrimonio;
741 2523 910 2608 quianon
945 2524 1067 2590 solum*

21 2611 179 2680 excludit
201 2614 322 2690 aetum,
344 2613 527 2680 sedetiam
551 2619 756 2697 potestatem.

18 2695 68 2768 lrt.
98 2699 132 2766 2.
158 2703 210 2768 Au
230 2705 460 2770 matrimonium
475 2707 574 2786 uomit
602 2724 663 2770 mm
684 2725 723 2772 ea
746 2721 892 2772 eumcum
919 2701 1052 2774 alicuius

22 2793 58 2859 iu
84 2793 224 2877 ulr'quom
242 2803 369 2878 oropum
390 2812 511 2861 oouaom
534 2796 734 2863 iutoucstom.
753 2796 788 2880 rt.
811 2793 874 2859 Sia.

379 2970 557 3058 QUAESTlO
579 2973 688 3042 XLIX.

175 3152 267 3222 De
290 3156 468 3223 bonis
492 3155 889 3224 matrimonii.

18 3333 75 3405 lrt.
102 3331 133 3400 l.
156 3329 206 3400 m
227 3333 344 3402 'lotari
376 3335 500 3404 duleum
533 3336 638 3420 aliquo
671 3335 748 3404 tomo
781 3338 816 3404 iu
832 3333 1058 3414 matrimonia·

23 3441 103 3514 quoe
126 3417 206 3490 illud
226 3426 398 3509 louestcut,
422 3435 454 3493 ot
474 3435 632 3494 ocomout.
650 3426 685 3513 ul.
703 3426 765 3506 Sic,
781 3424 860 3511 quia
873 3429 976 3505 actus,
991 3425 1067 3509 qui,

24 3522 77 3584 est
101 3514 206 3581 malus
228 3513 265 3582 in
288 3516 516 3596 fornicatione,
540 3521 590 3583 est
618 3519 725 3585 bonus
754 3516 790 3584 in
808 3571 811 3580 ,
826 3514 1049 3596 matrimonio,

25 3611 61 3676 ct
86 3602 147 3674 isla
169 3604 496 3694 bonacompenmnt
517 3606 646 3678 labores
668 3605 893 3688 matrimonii,
927 3607 962 3674 et
983 3605 1064 3706 hae
