2604 4210
278 106 344 177 ild
535 123 582 178 ax
606 123 774 179 securim
798 123 974 180 SEcUNbAE

256 265 307 328 tra
339 261 492 328 ordinem
525 265 665 342 naturae,
688 265 761 345 post
783 265 846 328 hoo
868 264 915 326 est
938 260 1103 338 incestus,
1138 261 1294 328 tertium

253 352 467 432 adulterium,
503 358 658 438 quartum
680 358 843 435 stuprum.
875 351 966 429 ltem,
994 353 1109 433 raptus
1134 351 1295 436 virginis

254 445 302 507 est
325 443 457 526 gravius
479 462 580 528 quam
601 448 753 529 stuprum
761 462 770 523 ;
805 448 838 508 et
861 444 974 524 raptus
1007 439 1139 522 uxoris,
1181 461 1294 527 quam

255 531 467 600 adulterium.

256 621 267 645 ¹
291 621 381 701 item,
405 625 574 705 peccatum
599 626 714 688 contra
748 625 902 686 naturam
925 626 973 685 est
996 619 1144 704 gravius,
1180 642 1293 706 quarn

254 711 470 795 sacrilegium,
493 717 569 797 quia
592 716 641 777 est
664 712 780 776 contra
804 714 956 778 naturam
982 709 1111 793 speciei,
1139 711 1214 776 boc
1242 713 1295 776 iu·

255 799 394 866 dividui.
418 801 496 879 lem,
520 802 555 866 in
580 799 720 884 peccatis
742 804 859 866 contra
888 803 1041 865 naturam
1066 801 1215 882 gravior
1242 807 1292 866 est

254 889 441 969 bestialitas,
463 890 608 958 secundo
631 890 788 971 sodomia,
814 888 912 955 tertio
927 907 1004 954 cum
1028 908 1094 954 non
1119 897 1293 956 servatur

255 979 371 1045 modus
393 980 598 1060 concubitus,
622 984 655 1044 et
678 980 780 1064 magis
801 977 828 1044 si
853 977 887 1044 in
912 997 988 1045 vase
1011 997 1079 1046 non
1102 977 1245 1047 debito.

609 1155 787 1244 Qunsno
810 1155 893 1226 civ.

561 1343 653 1406 De
677 1341 963 1420 par-cibus

299 1431 731 1510 potenciaubus
761 1431 1210 1508 temperantiae.

232 1605 299 1672 Ari.
324 1607 353 1673 l.
377 1605 426 1672 Αιι
448 1609 639 1674 continentie
660 1609 704 1673 sit
722 1609 831 1672 uirtus.
856 1607 892 1690 ri.
910 1605 942 1670 Si
958 1611 1107 1672 sumatur
1132 1626 1199 1689 pro
1227 1607 1288 1672 illa

255 1714 314 1779 per
329 1715 428 1780 quam
443 1700 541 1763 bomo
558 1698 700 1763 abstinet
714 1697 757 1761 ab
772 1695 862 1760 omni
880 1696 1097 1761 delectatione
1112 1715 1287 1779 venerea,

255 1785 444 1870 principalis
466 1792 516 1852 est
537 1787 726 1870 virginitas,
761 1785 954 1849 secundaria
979 1785 1137 1863 viduitas;
1168 1786 1197 1850 si
1226 1807 1289 1851 su·

255 1880 364 1941 matur
387 1896 447 1960 pro
471 1875 525 1941 illa
547 1895 607 1959 per
629 1894 728 1959 quam
753 1877 849 1938 homo
867 1875 987 1956 resistit
1010 1875 1121 1957 pravis
1146 1893 1287 1940 concu-

254 1960 419 2048 piscentiis
453 1965 703 2032 vehementibus
732 1966 830 2029 babet
853 1963 978 2046 aliquid
995 1965 1043 2048 ,de
1066 1964 1213 2042 virtute,
1252 1969 1288 2030 el

254 2059 301 2117 est
325 2053 455 2120 habitus
477 2055 631 2133 invictus,
654 2074 674 2119 a
695 2052 929 2132 delectatione,
952 2053 1010 2119 sed
1032 2073 1100 2119 non
1124 2059 1177 2118 cst
1201 2074 1289 2138 per-

254 2142 338 2208 fecta
377 2144 495 2225 virtus,
530 2143 606 2228 quia
629 2143 664 2208 in
684 2163 721 2210 ea
745 2142 923 2225 insurgunt
956 2144 1172 2209 vehementes
1201 2163 1286 2227 pas·

252 2250 369 2299 siones

233 2319 301 2388 dri.
324 2321 356 2390 Ξ.
379 2318 427 2388 Ao
461 2325 589 2388 mauric
622 2324 818 2388 continentie
847 2322 914 2386 sint
947 2325 1198 2406 concupiscentie
1231 2323 1288 2390 dc·

254 2412 448 2478 lactationem
473 2420 578 2480 motus.
599 2415 633 2496 rt.
657 2411 725 2490 Sic,
760 2411 838 2495 quia
861 2411 946 2476 circa
970 2413 1027 2478 bas
1060 2414 1139 2477 sunt
1163 2415 1286 2478 conti·

254 2501 367 2566 nentia
389 2506 422 2566 et
446 2501 698 2580 incontinentia,
721 2499 807 2566 circa
831 2519 911 2584 quas
925 2505 1005 2568 suut
1019 2500 1118 2566 etiam
1145 2505 1288 2586 tempe·

254 2591 362 2656 rantia
384 2596 418 2656 et
441 2591 706 2674 intemperantia.

230 2678 299 2746 Art.
323 2679 353 2747 3.
375 2678 426 2748 Αιι
448 2680 610 2747 subiectum
633 2681 829 2747 continentie
844 2682 886 2744 sit
902 2682 949 2745 ιιι
963 2679 1221 2764 concupiscibilis.
1242 2683 1282 2768 n

253 2767 478 2849 Non,sed1n
503 2771 688 2850 voluntate,
726 2769 1001 2853 quiacontinens
1025 2773 1132 2836 adbuc
1170 2775 1282 2838 babet

253 2877 370 2940 pravas
391 2861 680 2946 concupiscentias,
696 2859 754 2924 sed
772 2864 894 2924 rectam
919 2859 1090 2940 rationem,
1107 2864 1140 2926 et
1164 2863 1284 2947 eligit·

229 2946 300 3012 illas
331 2969 398 3016 non
429 2952 530 3036 sequi.
568 2948 779 3017 lucontinens
809 2948 899 3032 eligit
933 2948 1021 3030 illas,
1053 2956 1087 3016 ct
1115 2951 1282 3018 voluntas

252 3041 358 3120 potest
380 3041 529 3107 resistere
552 3038 765 3124 passionibus.

228 3122 297 3194 Art.
321 3127 352 3196 l.
374 3128 424 3195 Λιι
446 3133 637 3197 continentia
663 3131 707 3194 sit
726 3127 834 3194 melior
864 3131 1072 3212 temperantia.
1098 3129 1132 3215 ri.
1157 3129 1279 3198 Conti-

253 3219 377 3298 nentia,
400 3223 438 3285 ιιι
460 3221 540 3287 dicit
564 3217 780 3284 resistentiam
815 3218 951 3283 rationis
975 3221 1016 3284 ad
1039 3221 1282 3304 concupiscen-

252 3306 313 3374 tias
332 3325 464 3413 pravas,
487 3313 535 3375 est
559 3307 698 3392 utquid
721 3307 950 3391 imperfectum
973 3313 1125 3393 respectu
1148 3315 1281 3394 tempe·

252 3398 380 3478 rantiae,
397 3399 431 3464 in
448 3417 514 3484 qua
528 3400 691 3482 appetitus
706 3397 880 3462 sensitivus
893 3402 940 3462 est
955 3400 1120 3465 subiectus
1136 3401 1280 3490 rationi,

252 3487 309 3552 sed
333 3488 548 3564 continentia,
574 3495 610 3553 ut
632 3486 712 3555 dicit
735 3487 948 3552 cessationem
971 3490 1013 3553 ab
1036 3488 1191 3555 omnibus
1214 3491 1277 3556 de·

253 3577 482 3644 tentationibus
505 3579 664 3654 venereis,
689 3581 737 3640 est
761 3577 875 3642 melior
903 3574 1120 3662 temperantia
1142 3580 1278 3664 simpli·

252 3663 334 3728 citer
356 3667 453 3745 dicta,
477 3675 514 3734 nt
537 3667 708 3751 virginitas
731 3665 886 3730 castitate.
