2608 4220
249 115 317 185 aot
554 131 600 184 nx
624 131 889 202 surrnnnuuro

227 252 335 336 quoad
350 252 496 317 delectus
518 252 756 330 membrorum,
768 251 804 316 in
828 250 948 335 quibus
964 252 1150 319 attenditur
1167 273 1243 337 per-

227 340 324 407 lectio
347 344 485 420 naturae,
508 358 541 405 v.
564 360 596 424 g.
620 340 741 407 mortui
764 339 800 406 in
825 339 943 422 puerili
967 345 1078 422 aemte,
1101 343 1160 408 sed
1182 344 1243 409 de-

226 431 330 496 iectus
352 428 424 496 nati
446 449 488 495 ex
509 430 716 496 naturalibus
739 428 920 514 principiis
944 434 983 495 ut
1005 431 1244 515 ponderositas,

227 519 430 606 passibilitas,
454 523 514 584 etc.
538 523 639 584 erunt
662 519 848 603 incorpore
870 519 1030 585 damnati.

204 607 272 676 Art.
295 609 326 676 2.
348 606 399 676 Au
421 626 548 693 corporo
569 607 779 676 domuutoruu
801 615 895 675 cruut
919 609 1180 694 incorruptibilia„
1207 613 1244 696 ἡ.

226 697 288 777 Sic,
311 698 388 783 quia
409 701 556 764 cessante
579 704 671 764 motu
693 698 767 764 coeli
791 718 857 764 non
881 699 945 763 erit
968 699 1243 783 corruptibilitas:

225 789 283 853 sed
305 785 598 870 incorruptibilitas
621 790 793 855 beatorum
811 786 880 852 'erit
894 788 993 854 etiam
1009 809 1051 854 ex
1066 788 1101 854 vi
1115 789 1241 876 gratiae.

203 874 271 942 rlrt.
295 876 326 945 3.
349 876 399 944 Au
420 894 547 959 corporo
569 875 780 944 domuctorum
805 878 872 942 siut
891 878 1000 960 futuru
1027 879 1242 962 impossibilia.

226 968 262 1049 ri.
288 966 393 1032 Erunt
415 965 624 1050 impassibilia
647 967 794 1050 passione
824 967 976 1046 naturali,
1010 967 1094 1033 sicut
1123 972 1157 1034 et
1188 969 1245 1034 in·
1296 971 1297 1048 l

225 1055 462 1140 corruptibilia,
485 1053 563 1140 quia
585 1056 722 1122 cessabit
734 1059 842 1122 motus
864 1057 947 1121 coeli
962 1077 981 1121 a
996 1076 1061 1142 quo
1073 1060 1123 1123 est
1132 1057 1244 1123 omnis
1296 1095 1297 1150 p

226 1145 395 1225 alterati03
418 1146 476 1210 sed
499 1147 600 1210 erunt
623 1145 785 1227 passibilia
801 1143 950 1228 passione
960 1147 1081 1213 animae
1097 1165 1158 1228 per
1172 1166 1244 1212 mo·
1296 1179 1297 1240 ι

225 1235 305 1300 dum
327 1234 499 1301 cuiusdam
521 1233 731 1314 intentionis,
754 1235 839 1300 sicut
864 1234 1046 1302 similitudo
1079 1236 1245 1302 albedinis

226 1324 385 1407 recipitur
414 1323 450 1390 in
485 1321 589 1402 oculo,
623 1325 743 1389 eterit
778 1323 877 1390 etiam
900 1343 1014 1390 sensus
1041 1344 1159 1408 poenae,
1184 1345 1248 1408 per

226 1414 362 1479 modum
384 1412 487 1478 laesivi
505 1416 610 1478 'erunt
622 1414 794 1496 passibilia,
808 1413 868 1478 sed
884 1415 1056 1480 beatorum
1069 1433 1149 1494 non,
1165 1415 1247 1497 quia

225 1521 294 1568 non
317 1501 481 1586 accipient
503 1519 563 1585 per
586 1502 726 1570 modum
748 1501 863 1570 laesivi.
888 1501 979 1583 ltem,
1003 1502 1089 1587 ignis
1112 1502 1247 1588 affliget,
1296 1519 1297 1562 ι

225 1594 258 1656 et
281 1610 350 1659 non
373 1594 555 1658 consumet.

537 1767 715 1855 consuo
742 1767 916 1840 nxxxvu.

226 1949 318 2020 De
342 1951 688 2032 cognitione
712 1965 892 2031 quam
914 1952 1231 2022 habebunt

319 2043 678 2110 resuscitati
700 2042 766 2106 in
789 2040 891 2106 die
913 2040 1130 2108 iudioll

379 2135 675 2212 respectu
690 2133 1061 2197 meritorum
1159 2157 1163 2166 ·

451 2226 514 2286 et
538 2219 1004 2288 demeritorum.

201 2395 270 2465 Art.
293 2395 325 2465 l.
347 2395 398 2466 Au
416 2403 486 2482 post
504 2399 756 2466 resurrectionem
778 2395 906 2482 quilibet
936 2403 1101 2482 copuorcot
1117 2405 1246 2484 peccota
1296 2463 1297 2480 ,

223 2507 298 2572 punc
319 2489 399 2572 scuit.
424 2490 461 2573 ri.
474 2486 535 2576 Sic,
559 2508 600 2556 ex
622 2488 737 2555 divina
764 2488 816 2570 vi,
839 2490 873 2552 et
901 2487 974 2573 quis
1001 2507 1067 2575 que
1094 2490 1246 2572 perfecte

223 2579 302 2643 sciet
323 2578 367 2644 ob
389 2596 462 2662 quae
484 2576 698 2658 indicabitur,
732 2597 807 2661 quae
834 2581 935 2642 erunt
968 2577 1004 2643 in
1028 2577 1245 2658 conscientia,

224 2669 261 2732 ut
282 2667 318 2732 in
340 2666 433 2733 libris
455 2667 587 2751 scripta,
611 2670 649 2732 ut
671 2684 759 2733 unus
782 2665 866 2732 liber
888 2666 953 2732 erit
975 2685 1052 2734 cum
1074 2669 1248 2734 sententia
1296 2685 1297 2756 ι

192 2779 195 2784 “
223 2755 349 2836 iudicis,
366 2757 407 2822 ed
429 2758 492 2821 hoc
510 2759 571 2822 liet
593 2775 634 2822 ex
656 2755 771 2822 divina
793 2757 839 2820 vi.
864 2755 955 2835 ltem,
979 2756 1015 2822 in
1030 2755 1157 2822 Sanctis
1174 2775 1250 2824 me·
1296 2767 1297 2862 l

223 2845 328 2912 moria
349 2851 558 2928 peccatorum
580 2845 644 2912 erit
666 2865 763 2912 causa
785 2864 847 2911 cur
870 2847 1039 2931 gaudeant
1061 2846 1105 2912 de
1125 2845 1251 2914 divina
1296 2863 1297 2874 ³

223 2934 456 3015 misericordia,
478 2935 522 3000 ob
544 2955 643 3021 quam
665 2939 745 3000 sunt
766 2933 912 3002 dimissa.
1296 2993 1297 3000 ,

200 3023 268 3092 Art.
292 3023 323 3090 2.
347 3025 399 3091 Au
419 3023 548 3109 quilibet
564 3026 681 3108 poturit
701 3025 797 3108 tepere
819 3043 894 3109 puuc
917 3031 993 3090 suut
1026 3025 1061 3090 iu
1083 3028 1249 3094 cousu'uu·
1296 3095 1297 3112 p

223 3116 269 3181 tia
288 3114 425 3182 uiuriur.
451 3116 485 3200 li.
509 3113 570 3195 Sic,
593 3120 632 3182 ut
660 3133 774 3181 omnes
802 3118 1003 3200 cognoscant
1037 3116 1248 3182 sententiam

222 3223 290 3271 esse
311 3203 431 3270 iustam
454 3208 525 3271 tum
548 3203 583 3269 in
607 3204 712 3283 bouis,
736 3208 808 3270 tum
830 3204 867 3270 in
891 3203 1000 3284 malis;
1025 3223 1090 3269 nec
1113 3203 1250 3272 minuc·
1296 3259 1297 3270 ,

224 3297 278 3359 tur
299 3293 446 3360 conlusio
468 3294 685 3378 peccantium,
708 3292 786 3378 quia
802 3294 926 3360 babent
947 3291 1062 3358 socios.

201 3381 271 3451 Art.
293 3383 324 3451 3.
347 3380 397 3451 Au
418 3386 521 3451 omniu
542 3387 662 3466 moritu,
684 3384 732 3450 oei
754 3382 899 3450 demerito
919 3384 1059 3466 proprio,
1097 3384 1144 3450 uei
1167 3385 1250 3452 otie-

222 3493 265 3541 uu
285 3491 348 3541 uuo
371 3475 489 3542 iutuitu
509 3473 547 3541 ut
569 3474 673 3556 utiquo
695 3471 887 3540 uidebuntur.
912 3475 949 3558 rt.
973 3471 1094 3538 Omnia
1115 3473 1152 3540 in
1170 3477 1252 3542 bre·

223 3563 364 3723 yisslimi
378 3568 528 3648 tempore
542 3561 666 3630 virtute
681 3562 806 3644 divina,
817 3565 875 3630 sed
889 3560 1104 3652 beatiqcmnia
1118 3563 1253 3634 vident

223 3671 259 3719 ιιι
305 3671 342 3720 er
365 3669 395 3718 o.
