2608 4220
262 57 330 126 tto
566 71 613 125 ex
637 69 905 124 saepenumero

582 277 761 362 Quusiio
783 278 890 349 XXlll.

441 465 533 532 Dc
557 462 1032 545 participatione

369 569 512 624 cum
536 555 1098 627 excommunicatis

212 737 282 808 Art.
303 732 335 803 i.
358 733 409 802 Aa
443 733 535 801 liceat
569 735 792 802 commummrc
825 733 1084 802 excommunicato
1117 737 1155 804 in
1182 757 1258 822 pum

228 822 451 912 corporalibus.
477 825 512 910 ri.
536 822 569 891 Si
592 822 627 888 in
652 822 872 902 maiorinon,
895 823 1012 891 sedin
1036 824 1097 901 lois,
1113 845 1191 912 quc
1215 829 1258 894 ad

234 918 373 984 sulutem
397 913 566 997 pertinent
589 911 675 990 licet,
699 915 733 978 et
755 916 892 994 possunt
919 913 982 980 alia
1015 915 1118 982 verba
1155 915 1263 983 inter·

236 1005 327 1090 poni,
349 1006 387 1070 ut
409 1001 544 1080 facilius,
568 1021 642 1086 quae
665 1001 707 1066 ad
724 1001 864 1068 salutem
879 1001 1060 1086 pertinent,
1077 1002 1260 1089 recipiant;

236 1093 449 1178 excipiuntur
470 1091 588 1177 aliquae
611 1109 772 1175 personae,
794 1092 837 1158 ad
865 1112 947 1178 ques
976 1093 1259 1162 excommunicati

237 1183 381 1271 provisio
403 1184 539 1266 spectat,
563 1183 600 1246 ut
623 1199 717 1263 uxor,
740 1179 826 1247 iilius
849 1200 919 1249 noo
941 1182 1181 1267 emancipatus,
1204 1184 1264 1270 qni

236 1279 315 1342 ente
337 1269 714 1339 excommunicationem
736 1275 833 1336 erent
847 1271 981 1349 subditi,
1006 1277 1183 1351 utservrm,
1203 1293 1263 1340 ru·

235 1364 354 1430 sticus:
375 1358 527 1445 superior
549 1361 734 1427 secundum
756 1378 849 1426 suam
873 1360 1117 1447 obligationem,
1141 1366 1178 1430 et
1207 1363 1263 1432 uti

239 1453 275 1526 in
299 1471 376 1523 casu
399 1447 619 1530 necessitatis3
641 1451 731 1518 unde
754 1467 886 1518 versus:

374 1631 465 1715 Utile,
490 1631 550 1712 leo,
573 1630 698 1712 iumilc,
719 1648 769 1698 ms
792 1633 947 1716 iquorem,
972 1648 1100 1700 memma.

214 1817 283 1886 Art.
305 1815 337 1883 i.
360 1812 410 1881 Aa
430 1813 623 1897 participum
645 1827 713 1877 cum
728 1813 986 1880 excommunicato
1000 1814 1266 1880 citeccommmoi·

237 1915 333 1974 cotm.
362 1905 397 1989 ii.
413 1901 446 1970 si
462 1899 759 1968 excommunicatio
773 1901 873 1967 etiam
891 1900 926 1966 in
944 1901 1193 1987 participantes,
1213 1904 1266 1969 vel

238 1994 362 2080 siquis
387 1991 563 2077 participet
585 1988 725 2056 crimine
748 1990 860 2056 dando
885 1991 1070 2071 consilium,
1087 1992 1265 2069 auxilium,
1298 2021 1299 2052 ;

237 2088 401 2162 favorem,
437 2086 486 2148 est
512 2078 815 2147 excommunicatus
838 2079 976 2162 maiori;
998 2101 1092 2150 secus
1114 2087 1167 2148 est
1191 2087 1265 2148 ten·

239 2181 310 2241 tum
335 2171 468 2239 minori.

216 2266 284 2333 Art.
307 2263 339 2330 3.
361 2259 412 2330 Ao
431 2261 620 2345 participum
641 2278 709 2327 cum
738 2263 994 2328 excommunicato
1010 2264 1046 2329 io
1065 2260 1186 2330 omilim
1200 2281 1264 2329 eos

239 2354 384 2423 muccosis
406 2355 451 2418 sit
469 2369 585 2435 iamper
604 2356 760 2436 peccatum
781 2351 918 2419 morteto.
943 2353 978 2435 ri.
1002 2351 1084 2430 Non,
1109 2351 1175 2418 nisi
1190 2372 1266 2435 par·

168 2499 170 2506 ⁴
239 2444 354 2526 ticlpet
375 2441 412 2508 iu
434 2439 585 2519 crimine,
609 2443 667 2506 eut
689 2439 725 2506 in
752 2439 889 2518 divinis,
907 2446 965 2506 aut
979 2441 1015 2508 in
1031 2444 1265 2526 contemptum

241 2531 399 2610 Ecclesiae,
421 2534 454 2596 et
477 2534 583 2614 potest
605 2529 731 2596 elosolvi
755 2550 774 2597 a
800 2530 948 2616 quolibet
969 2531 1161 2610 sacerdote,
1185 2531 1265 2616 quia

234 2643 309 2692 ,uon
332 2624 381 2687 est
405 2626 576 2703 peecatum
600 2619 760 2698 morteic3
782 2620 840 2686 scd
861 2620 889 2686 si
911 2619 1135 2687 communicet
1158 2621 1266 2703 perti·

241 2713 367 2778 nocitor
390 2712 633 2795 estpeccelum
657 2709 817 2788 mortale,
846 2713 879 2774 et
902 2714 1009 2794 posset
1030 2710 1265 2777 excommuni-

240 2801 308 2869 cari
331 2819 407 2868 cum
430 2798 558 2868 maiori.

586 2976 766 3065 coreno
787 2975 894 3049 xxiv.

489 3164 581 3232 Dc
606 3162 988 3229 absolutionc

368 3253 442 3322 ab
467 3251 1111 3322 excommunicatione.

218 3434 288 3503 Art.
314 3435 344 3502 l.
367 3432 416 3503 Am
428 3432 554 3519 quilibet
567 3431 703 3498 sacerdos
715 3433 814 3515 possit
834 3428 985 3498 oieolccm
1000 3448 1090 3498 suum
1107 3429 1265 3498 militum
1294 3451 1295 3519 l

242 3526 278 3594 oi
301 3524 620 3594 excommunicatione.
646 3523 682 3608 ri.
705 3522 728 3589 i
752 3521 874 3588 minori
896 3520 954 3601 sic,
977 3541 997 3588 a
1019 3519 1137 3588 maiori
1163 3521 1191 3586 si
1214 3527 1265 3587 est

242 3617 285 3684 ab
308 3614 451 3692 homine,
474 3614 528 3680 vel
550 3633 570 3680 a
591 3611 664 3680 iuro
687 3615 877 3692 reservata,
905 3631 974 3680 non
1003 3614 1132 3696 polest,
1158 3616 1192 3677 et
1214 3610 1269 3680 ibi
