2608 4220
347 211 350 216 Ι
458 132 683 191 muranum.
978 121 1044 193 ott

43 257 112 326 Art.
136 255 169 325 2.
192 249 242 324 An
263 257 444 324 resurrectio
478 259 540 324 ortt
572 257 707 324 omnium
737 258 935 341 generaliter.
961 261 996 345 il.
1012 258 1087 340 Sic,

64 351 204 431 propter
227 346 490 413 conformitatem
514 350 643 413 naturae
665 347 708 413 ad
731 345 909 415 Christum.
938 349 941 358 ’

43 435 113 506 Art.
138 437 170 505 3.
193 434 243 503 An
264 440 446 504 rosumcttc
468 439 511 503 sit
532 436 695 504 naturalis.
721 438 756 522 il.
780 437 980 522 Simpliciter
1006 458 1085 518 non,

63 528 125 594 sed
147 529 196 592 cet
218 528 422 606 miraculosa,
445 524 523 611 quia
545 545 564 593 a
588 525 786 610 privatione,
808 526 894 594 idest
919 531 1027 593 morte
1042 530 1085 594 ab

64 616 218 683 habitum
252 636 320 683 non
356 618 454 683 datur
493 635 658 701 regressus
695 618 879 684 secundum
916 621 1086 695 naturam,

63 706 144 772 licet
164 707 347 773 secundum
369 706 451 791 quid
486 710 592 790 posset
620 705 685 772 dici
721 707 898 786 naturalis,
921 710 1086 792 quatenus

65 793 102 861 in
126 813 264 880 corpore
285 801 335 862 est
357 796 466 881 aliqua
489 795 670 875 inclinatio,
694 800 728 861 et
751 795 899 881 potentia
923 796 966 862 ad
989 793 1085 861 unio·

65 905 145 950 nem
169 903 245 952 cum
267 885 388 964 anima,
412 904 486 969 quae
510 889 620 951 tamen
644 886 791 970 potentia
814 905 882 955 nou
907 885 1028 952 sufficit
1043 885 1085 950 ad

64 975 229 1041 rationem
253 979 361 1042 molus
384 974 554 1040 naturalis.

406 1152 586 1238 consuo
603 1139 731 1222 cxxvi.

156 1337 246 1401 De
272 1350 456 1402 causa
480 1333 980 1402 resurrectionis,

40 1509 110 1578 Art.
137 1512 167 1579 l.
190 1510 239 1579 An
261 1514 442 1579 resurrectio
468 1512 583 1580 Christi
610 1515 653 1578 sit
688 1531 778 1580 conso
799 1520 922 1580 nosnos
950 1530 1084 1579 resurre-

62 1604 187 1669 attona.
213 1603 248 1685 ul.
272 1601 418 1668 Christus
456 1603 581 1685 accepit
604 1601 764 1686 primitias
788 1603 916 1686 gratim,
941 1606 975 1668 et
1012 1602 1083 1668 cius

62 1693 170 1776 gratia
193 1695 241 1756 est
262 1710 358 1758 causa
381 1694 502 1757 nostrae
525 1692 649 1776 gratiae‚
672 1692 751 1777 quia
774 1712 816 1759 ex
845 1692 915 1757 eius
939 1691 1083 1775 plenitu-

62 1781 145 1848 dine
169 1799 228 1847 nos
266 1800 379 1848 omnes
413 1782 608 1865 accepimus,
632 1783 680 1848 sic
713 1781 747 1848 in
783 1781 912 1848 Christo
950 1785 998 1846 ost
1033 1781 1083 1846 in·

60 1873 180 1937 obnata
203 1874 314 1937 nostra
344 1872 556 1938 resurrectio:
579 1872 638 1937 sed
671 1869 828 1951 Christus,
852 1875 890 1938 ut
912 1870 1009 1949 Deus,
1033 1875 1083 1935 est

61 1961 173 2043 prima
197 1978 291 2027 causa
325 1964 446 2026 nostrae
481 1960 742 2046 resurrectionis,
765 1961 823 2027 sed
857 1963 895 2026 ut
928 1959 1023 2037 Deus,
1049 1965 1082 2024 et

62 2053 164 2117 lromo
187 2068 371 2134 resurgens,
395 2055 443 2116 est
466 2070 561 2117 causa
585 2050 751 2134 proxima,
768 2053 802 2115 ct
819 2049 911 2135 quasi
929 2049 1079 2127 univoca,

60 2143 96 2204 et
120 2144 169 2206 nst
192 2139 291 2206 etiam
313 2159 409 2205 causa
432 2141 637 2224 exemplaris,
661 2141 713 2206 vel
730 2139 989 2213 instrumentum
1005 2139 1082 2217 llei3

62 2233 97 2295 et
121 2230 265 2309 effectus,
289 2229 372 2295 idest
395 2236 507 2296 nostra
536 2229 732 2296 resurrectio
755 2234 911 2314 sequetur
948 2230 1082 2313 quando

60 2319 150 2386 Deus
173 2319 331 2399 voluerit,
355 2318 432 2404 quia
455 2320 651 2386 resurrectio
689 2317 808 2386 christi
847 2339 915 2385 non
952 2323 1001 2384 est
1023 2316 1082 2383 im·

60 2408 207 2475 mediata
230 2412 360 2487 uostrae,
384 2411 439 2476 sed
464 2409 630 2475 mediante
652 2409 823 2475 voluntate
846 2407 915 2474 Dei.

37 2499 111 2564 Art.
135 2498 168 2566 2.
190 2496 239 2566 An
261 2517 321 2565 oco
345 2496 431 2565 tuboe
451 2502 497 2566 alt
516 2518 606 2566 cnoro
628 2505 750 2565 nosnos
777 2499 1020 2565 resurrectionis.
1046 2499 1081 2583 tl.

59 2588 124 2668 Sic,
149 2588 226 2672 quia
249 2590 329 2654 luha
362 2589 426 2654 erit
448 2589 581 2674 aliquod
609 2589 742 2673 signum
776 2588 945 2672 corporale
969 2587 1078 2653 datum

59 2676 236 2746 aGhristc
274 2678 316 2743 ad
350 2681 496 2744 nostram
531 2676 823 2757 resurrectionem,
853 2678 942 2762 quod
976 2678 1083 2759 potest

59 2787 131 2834 esse
155 2765 338 2850 multiplex,
362 2771 394 2833 el
417 2769 551 2835 habebit
588 2767 767 2834 efficaciam
791 2766 1081 2833 instrumentalem

59 2878 80 2924 a
120 2855 248 2924 Christo
282 2858 324 2923 ad
362 2857 645 2938 resuscitandum,
680 2877 722 2924 ex
755 2859 817 2923 hoc
852 2856 941 2942 quod
975 2855 1082 2941 prole·

59 2949 158 3013 retur
179 2965 198 3013 a
221 2946 299 3014 Deo.
950 2985 953 2994 ·

35 3035 108 3106 Art.
133 3036 164 3106 3.
187 3034 237 3105 An
259 3034 370 3120 angeli
392 3036 598 3122 operabuntur
620 3036 660 3103 od
680 3037 992 3120 accomodaremus.
1017 3033 1082 3117 Sic,

59 3126 142 3213 quia
165 3146 249 3212 quae
282 3125 368 3193 Deus
407 3127 619 3213 corporaliter
653 3127 730 3194 lacit
768 3127 874 3193 utitur
900 3122 1082 3192 ministerio

59 3218 272 3302 Angelorum,
296 3236 327 3284 v.
351 3237 383 3302 g.
407 3222 443 3286 ut
466 3217 630 3303 colligant,
654 3221 687 3282 el
721 3220 911 3301 praeparent
944 3214 1081 3293 cineres,

59 3307 141 3372 licet
162 3306 248 3374 Deus
270 3307 459 3374 immediate
480 3307 552 3374 siue
576 3307 759 3375 ministerio
775 3305 971 3392 Angelorum
988 3303 1083 3371 uniet

59 3396 211 3465 animam
234 3397 376 3483 corpori,
399 3400 433 3464 ct
455 3397 658 3485 glorificabit.
