2652 4198
569 69 614 118 EX
638 67 752 120 PRIMA
776 67 891 120 PARTE

568 310 747 399 QUAEsno
770 309 896 382 Lxxlv.

280 501 372 576 De
398 499 677 570 omnibus
703 500 942 576 septem
966 489 1183 564 diebus

524 591 589 656 in
612 587 996 656 communi.
1083 569 1087 612 ¹

213 773 281 842 Art.
306 772 336 841 t.
359 771 410 840 Αιι
432 771 621 854 sufficienter
645 769 698 832 isti
720 765 783 832 dies
805 707 1016 832 sennenn.
1046 765 1082 847 ιι.
1111 760 1182 840 Sio,
1214 762 1266 828 ad

235 862 464 937 distintionom
488 863 520 924 et
543 861 699 938 ornatum
722 854 841 940 operis,
865 853 986 940 alioqui
1006 873 1100 946 open
1089 849 1266 919 Cneatio-

237 955 288 1018 nis
313 971 381 1018 non
404 949 589 1031 assignatur
612 947 696 1038 dies,
722 947 773 1010 vei
797 945 874 1030 quia
897 942 972 1009 sit
962 964 998 1010 ιιι
1024 937 1179 1035 instanti,
1205 939 1266 1006 vel

237 1043 313 1127 quia
337 1041 485 1106 estante
509 1033 647 1120 tempus.

215 1131 283 1200 Art
306 1131 339 1198 2.
361 1128 411 1196 An
434 1147 534 1194 omnes
556 1130 612 1197 isti
634 1127 696 1192 dies
718 1129 884 1194 simonos
907 1123 979 1190 dios.
1005 1124 1040 1206 ιι.
1055 1120 1140 1188 Sunt
1156 1119 1268 1188 variae

238 1220 427 1302 opiniones,
454 1218 512 1282 sed
535 1220 644 1304 quoad
667 1215 884 1282 substantiam
908 1211 1020 1280 omnia
1043 1211 1141 1276 simul
1165 1229 1268 1276 orea-

239 1310 287 1374 vit
310 1309 411 1393 Dens,
436 1326 503 1372 non
528 1312 690 1392 quantum
719 1306 762 1370 ad
789 1303 1020 1370 formationem
1051 1321 1111 1384 pes
1139 1299 1268 1366 distin·

238 1399 392 1473 ctionem,
418 1400 451 1462 et
473 1401 639 1466 ornatum

216 1486 283 1555 Ast.
308 1488 338 1553 3.
362 1486 412 1552 Ao
436 1485 540 1569 Soript
540 1506 597 1556 oro
619 1493 726 1553 otonis
748 1483 994 1552 convenientibus
1016 1480 1114 1548 vertis
1144 1480 1184 1546 oct
1213 1501 1269 1547 en-

236 1576 375 1661 ponendo
398 1595 488 1660 opero
509 1596 563 1643 sen
585 1576 712 1644 diorum.
738 1577 773 1659 ιι.
795 1574 858 1652 Sio,
882 1574 959 1658 quia
974 1573 1009 1638 in
1025 1569 1163 1656 singulis
1179 1589 1268 1654 ope-

240 1667 334 1732 ribns
353 1665 396 1730 sit
415 1666 544 1754 mentio
568 1665 674 1752 divini
697 1664 805 1743 Verbi,
824 1683 923 1747 aquo
940 1661 1265 1728 factasuntomnia.

579 1843 757 1931 oonsno
781 1841 895 1910 nxxv.

217 2028 308 2092 De
331 2028 578 2092 homine
604 2030 924 2092 constante
943 2041 1017 2088 ex
1039 2024 1265 2103 anima,
1306 2071 1309 2080 .

552 2123 615 2179 et
639 2124 929 2193 corpori->3

243 2209 305 2270 et
328 2207 531 2286 primo
558 2205 635 2271 de
660 2209 917 2272 Animae
944 2203 1235 2269 essentia.

217 2380 284 2451 Art.
309 2383 339 2450 t.
363 2381 412 2450 Αιι
436 2383 540 2448 animo
562 2385 604 2446 stt
626 2401 743 2466 corpus.
763 2385 797 2468 ιι.
813 2383 895 2455 Non.
910 2384 968 2450 sed
984 2380 1130 2464 eorporis
1154 2384 1266 2462 aetus,

237 2493 294 2539 seu
320 2471 521 2556 principium
546 2473 637 2551 vitae;
663 2480 696 2536 et
719 2477 767 2537 est
790 2491 927 2538 movens
956 2476 1084 2537 motum
1115 2490 1174 2554 pen
1207 2492 1267 2538 ao-

238 2563 360 2628 oidens.
504 2557 508 2563 ’

216 2650 283 2718 Art.
308 2653 339 2718 ι.
362 2651 411 2716 Ao
434 2655 537 2732 estimo
560 2656 693 2718 tonnano
715 2655 757 2718 sit
779 2653 897 2735 aliquio
919 2652 1158 2736 subsistonwt.
1186 2649 1265 2730 Sis,

238 2741 315 2824 quia
339 2743 437 2806 habet
461 2743 628 2825 propriam
652 2742 876 2824 operationem
902 2762 961 2824 pes
983 2761 1017 2806 se
1032 2741 1105 2804 sino
1120 2759 1264 2822 organo.

214 2829 281 2896 Art.
307 2830 337 2897 3.
360 2828 409 2897 An
438 2834 548 2898 osstmoe
578 2830 735 2898 brotonam
763 2835 830 2897 sint
857 2831 1059 2898 subsistentes
1098 2833 1133 2914 ι.
1167 2829 1264 2911 Νοιι,

238 2919 314 3002 qnia
339 2939 397 3001 pen
420 2939 454 2984 se
479 2941 546 2987 non
574 2927 767 3016 operantui.

215 3007 283 3074 Art.
308 3008 340 3076 li.
363 3008 412 3076 An
435 3014 539 3078 animo
562 3017 723 3078 sittomo.
750 3013 782 3093 ιι
807 3011 888 3086 Non,
912 3011 969 3074 sed
990 3012 1087 3074 homo
1104 3013 1152 3075 est
1168 3029 1264 3078 oom

238 3098 379 3180 positum
403 3122 444 3165 ex
467 3104 594 3180 anima,
607 3106 651 3173 ot
674 3119 827 3182 conpore,
853 3099 914 3164 nisi
939 3101 1068 3166 dinatus·
1092 3120 1109 3164 a
1135 3099 1265 3182 prinoi-

237 3188 362 3270 palioni.
388 3190 466 3255 ttoni
491 3193 602 3256 animo
625 3209 692 3254 non
718 3193 766 3252 est
791 3207 941 3270 pn‚ssonn
966 3191 1040 3272 quio
1066 3209 1133 3254 non
1159 3193 1263 3256 habet

238 3280 392 3342 ιιιῑιιιιιιι
416 3280 612 3359 completam
636 3278 753 3361 specie.

215 3365 284 3433 nt.
307 3365 338 3432 5.
361 3364 410 3434 An
433 3371 537 3432 animo
565 3371 609 3433 sit
635 3370 798 3451 composito
833 3387 871 3432 en
899 3371 1047 3449 motoria,
1083 3376 1113 3434 et
1147 3371 1261 3450 formo.

240 3458 274 3540 ιι.
298 3455 384 3535 Non,
408 3455 485 3541 quia
509 3476 576 3522 non
607 3462 689 3540 esset
723 3461 829 3536 notus,
865 3458 922 3522 sed
957 3451 1189 3542 compositum,
1228 3463 1263 3524 et

238 3544 386 3628 primum
409 3546 603 3612 animatum.

217 3633 283 3702 Art.
308 3635 339 3702 6.
363 3635 412 3702 Ao
435 3655 538 3702 oisemo
561 3639 758 3704 totnonotsit
778 3637 997 3720 corruptibllis.
1024 3640 1058 3722 ιι.
1075 3639 1156 3716 Νοιι,
1180 3637 1260 3722 quio
