2614 4190
245 72 313 142 too
535 87 581 141 nx
606 85 863 139 snrrnmnrrro

222 207 419 291 aperiendus
442 207 579 282 medico,
603 206 687 273 idest
713 205 883 273 saoerdoti.
913 206 1003 285 ltem,
1033 209 1245 274 saoramenta

222 299 265 364 ad
288 296 467 364 tollendam
490 298 621 380 eulpam
648 298 727 363 sunt
757 296 949 375 necessaria,
984 296 1037 362 vel
1072 300 1161 375 antu,
1188 297 1246 362 vel

221 391 398 453 votorum
422 387 600 470 proposito,
628 385 724 452 utin
760 386 931 470 baptismo,
967 389 1001 450 et
1035 385 1247 469 poenitentia.

221 476 312 553 ltem,
336 475 393 560 qui
420 475 583 543 oommisit
606 480 777 560 pennatum
800 477 899 544 debet
925 475 1096 560 eooperari
1125 476 1169 542 ad
1192 494 1248 541 re·

223 565 423 644 missionem,
446 586 540 632 senus
562 566 597 633 in
622 565 794 651 baptismo.

223 655 237 686 *
259 656 330 722 Non
353 656 493 740 legimus
508 656 653 736 Petmm,
672 655 944 740 etllagdalenam
957 655 1122 722 confessos
1136 653 1251 738 fnisse,

223 746 302 830 quia
325 747 428 812 multa
450 750 530 812 sunt
545 748 640 825 laeta,
655 764 730 830 quaa
746 765 814 812 non
829 750 907 813 sunt
922 744 1059 829 soriptr3
1080 749 1153 811 tum
1168 746 1250 830 quia

224 834 371 902 Christus
394 835 440 902 eis
463 835 589 901 remisit
612 836 684 902 sine
706 839 922 902 saoramonto.

203 923 270 993 Art.
294 923 327 991 2.
352 924 410 993 Ao
431 927 579 1010 confessio
600 928 645 991 alt
664 924 700 990 ala
734 928 800 992 lore
830 925 978 992 natarali.
1015 925 1053 1009 n.
1074 922 1159 1003 Non,
1188 926 1251 992 sed

223 1013 352 1092 divino,
376 1020 410 1081 et
432 1017 540 1081 elavos
563 1035 632 1081 non
658 1020 738 1080 sunt
770 1015 813 1080 de
836 1015 910 1082 inre
938 1016 1079 1091 naturae,
1108 1015 1250 1080 allides

224 1108 272 1170 est
294 1122 394 1188 sopra
417 1105 639 1190 cognitionem
663 1104 861 1183 naturalem,
883 1106 1011 1190 ergoet
1025 1108 1247 1183 sacramenta,

224 1197 400 1279 quaesunt
423 1195 613 1278 protestatio
636 1193 724 1261 tldei.

226 1281 425 1350 'Conlessio
452 1285 536 1351 laeta
560 1283 626 1350 Deo
654 1302 713 1366 per
748 1281 1007 1369 recognitionem
1038 1282 1167 1366 peooati
1200 1287 1252 1349 est

227 1374 268 1440 de
291 1372 364 1438 iuro
386 1373 541 1452 naturali,
563 1373 649 1440 siout
670 1392 744 1456 quae
768 1375 806 1440 lit
828 1391 939 1441 eoram
968 1371 1078 1438 incline
1101 1371 1252 1458 legitime

225 1463 461 1547 interrogante,
483 1464 541 1528 sed
564 1482 638 1547 quae
662 1464 699 1527 lit
723 1463 850 1529 homini
874 1481 934 1546 pro
957 1461 1149 1528 remissione
1172 1481 1252 1547 peo-

223 1552 289 1618 oali
315 1554 466 1620 habenda
489 1573 508 1618 a
530 1553 608 1630 Deo,
628 1571 696 1618 non
719 1557 768 1617 est
789 1554 833 1618 de
855 1553 928 1618 iuro
950 1555 1090 1618 naturae.

204 1641 272 1710 Art.
297 1641 330 1709 3.
351 1639 401 1710 Aa
424 1661 523 1710 omnes
546 1642 585 1709 od
606 1644 821 1726 confessionem
845 1648 1015 1710 tooroator.
1039 1642 1074 1726 ll.
1104 1639 1154 1707 De
1176 1640 1253 1707 iure

225 1731 340 1800 divino
364 1751 444 1812 non,
467 1733 530 1799 nisi
553 1731 611 1816 qui
635 1737 707 1814 post
730 1732 930 1816 baptismum
952 1734 1133 1815 peeearnnt
1161 1749 1253 1796 mor-

224 1823 344 1900 taliter,
366 1823 424 1888 sed
448 1823 490 1888 de
512 1823 587 1891 iuro
610 1821 749 1905 positivo
772 1841 887 1888 omnes
910 1825 1071 1887 tenentur
1099 1819 1144 1886 ad
1167 1839 1252 1886 eon·

224 1911 396 1977 sessionem
421 1931 462 1977 ex
486 1911 693 1977 institutione
709 1911 858 1978 Eoolesiae
872 1930 942 1994 oap.
958 1910 1251 1995 utriusqnesexns,

223 2001 251 2067 si
274 2003 374 2068 habet
397 2005 568 2085 peecatum
591 2000 731 2080 veniale,
754 2001 813 2068 sed
835 2001 1020 2068 seeundum
1043 2000 1124 2065 alios
1146 2017 1250 2065 nomo
1296 2015 1297 2052 1

224 2094 357 2157 tenetur
380 2092 422 2156 de
445 2091 566 2158 veniali
589 2091 668 2170 solo,
690 2091 748 2156 sed
771 2091 893 2156 sollioit
914 2107 949 2156 se
972 2093 1175 2173 praesentare
1197 2088 1251 2154 di·

221 2181 329 2246 oendo
350 2199 385 2246 so
408 2199 476 2246 non
501 2182 623 2248 habere
640 2179 811 2247 materiam
828 2178 1039 2246 ooniossionis
1055 2179 1246 2245 mortalem.

201 2268 270 2338 Art.
294 2269 325 2336 l.
349 2267 399 2335 Aa
421 2272 533 2353 allonis
563 2272 646 2337 linita
676 2272 778 2352 possit
808 2271 948 2355 confiteri
970 2276 1135 2353 nerano,
1172 2268 1254 2352 qood

227 2379 290 2426 ooo
313 2357 409 2428 tolet.
434 2362 470 2444 ri.
493 2359 575 2440 Non,
596 2358 674 2444 quia
696 2363 779 2426 esset
802 2359 948 2426 mentiri.
977 2358 1068 2438 ltem,
1097 2357 1156 2442 qui
1192 2359 1251 2424 ali·

223 2451 306 2534 quid
340 2448 481 2527 omittit,
511 2451 564 2516 vel
591 2449 776 2518 'oommittit
803 2449 959 2516 dubitans
994 2467 1063 2514 esso
1096 2449 1251 2526 mortale,

224 2544 338 2624 peceat
361 2539 556 2606 mortaliter.
580 2539 670 2618 ltem,
695 2539 752 2624 qui
775 2539 905 2605 dubitat
928 2557 1077 2622 penem
1099 2537 1252 2604 mortali·

224 2634 287 2709 ter,
309 2630 362 2696 vel
386 2628 562 2696 venialiter
584 2630 683 2696 debet
705 2627 857 2695 oonllteri
885 2630 949 2696 suh
973 2630 1037 2696 hoo
1066 2626 1185 2706 dubio,
1216 2630 1253 2693 et

228 2723 402 2802 expectare
425 2718 584 2784 iudioium
606 2718 796 2785 sacerdotis.

207 2806 274 2876 Art
297 2808 329 2876 5.
352 2807 404 2877 Ao
429 2815 566 2875 mentor
589 2810 657 2892 qais
679 2810 786 2874 statim
800 2809 951 2892 confiteri.
969 2809 1004 2893 ll.
1020 2807 1092 2879 Non
1107 2823 1252 2890 semper,

228 2897 293 2966 nisi
316 2899 450 2983 quando
473 2902 607 2966 tenetur
629 2899 734 2965 laoere
757 2901 990 2982 aetum,quem
1009 2917 1078 2964 non
1093 2895 1253 2982 potentin

228 2993 360 3072 peream
385 2987 447 3054 nisi
469 2987 513 3053 sit
533 2989 709 3067 confessus,
735 2991 773 3054 ut
795 2991 844 3052 ost
864 2987 1111 3054 communicare
1140 2985 1169 3052 si
1201 2988 1254 3052 est

228 3077 323 3162 oopia
345 3077 550 3157 confessoris,
572 3082 605 3144 et
627 3076 801 3145 nenessitas
830 3096 898 3143 non
926 3080 1055 3162 urgeat3
1086 3076 1181 3144 unde
1215 3075 1252 3142 in

230 3170 383 3252 paschate
405 3185 519 3232 omnes
543 3171 711 3234 tenentur.
736 3165 825 3243 ltem,
849 3168 983 3250 quando
1013 3166 1087 3251 quis
1114 3169 1252 3231 tenetur

230 3255 271 3323 ad
294 3256 541 3333 contritionem,
564 3257 685 3324 sullioit
707 3256 912 3342 propositum
934 3255 1128 3323 eonfitendi.
1158 3254 1252 3333 ltem,

228 3346 288 3429 qui
312 3348 424 3413 differt
446 3346 602 3430 baptizari
618 3348 689 3415 sino
711 3350 914 3430 eontemptn,
940 3365 1009 3413 non
1026 3347 1139 3429 peooat
1161 3363 1252 3410 mor·

228 3435 350 3502 taliter.
375 3436 468 3514 ltem,
493 3436 527 3502 in
552 3437 690 3504 articulo
713 3437 827 3503 mortis
851 3440 984 3503 tenetur
1007 3453 1123 3520 perse
1145 3433 1250 3501 eonti-

227 3525 300 3592 teri.
326 3525 417 3606 ltem,
435 3526 611 3607 probabile
633 3529 691 3610 ost,
714 3527 805 3610 qood
827 3527 925 3592 lronro
948 3545 1018 3594 non
1033 3527 1146 3609 poooat
1160 3541 1251 3590 mor·

226 3615 337 3684 taliter
358 3616 394 3682 ln
417 3615 531 3698 aliquo
554 3613 709 3697 pertento,
733 3615 760 3681 si
783 3614 894 3682 dillert
916 3613 1166 3684 contessionem.
