2604 4210
437 64 514 118 mur
541 61 686 119 runnu.
971 47 1034 120 att

44 203 255 280 nimitatati‚
270 203 349 288 qnia
372 205 512 288 utraque
527 201 596 286 agit
610 202 795 268 seeundum
811 202 984 270 rationem.
1001 203 1081 270 ltem

44 293 149 359 solu's
171 293 260 360 Deus
283 296 332 357 est
355 293 518 376 perlectus
533 291 735 376 simpliciter,
755 292 809 360 eui
832 313 901 360 non
925 293 1083 377 competit

44 384 219 462 umilitas,
232 383 296 448 nisi
307 383 488 450 seeundum
502 385 654 450 naturam
671 384 854 449 humanam
864 388 1082 468 assumptam;

43 475 112 538 sed
134 474 272 542 cuilibet
285 473 427 556 perlecto
441 473 626 538 seeundum
641 471 732 560 quid,
745 471 838 552 idest,
854 473 981 540 homini
1004 494 1083 542 eon·

44 565 155 628 venit
181 563 358 629 humilitas.
375 562 454 629 ltem
479 561 656 640 humilitas
681 566 716 626 ut
740 566 789 626 est
803 562 949 647 specialis
965 563 1082 642 virtuS,

45 673 131 718 non
156 657 205 718 est
228 651 343 730 eivilis,
367 653 428 717 sed·
449 651 580 734 respicit
602 651 842 718 subiectionem
872 653 1015 720 hominis
1039 654 1082 720 ad

44 743 179 808 Deum.

22 832 101 899 Art.
130 833 163 898 2.
181 830 231 899 Aa
253 832 569 898 humititaseoasistat
581 833 665 898 sirm
680 833 856 914 appetitum.
875 833 910 916 d.
925 830 988 910 Sic,
1004 831 1083 916 quia

48 924 257 988 moderatur
281 925 407 986 motum
439 921 523 999 eius,
548 925 580 985 et
603 921 746 1004 cognitio
774 921 898 1004 proprii
935 923 1082 988 delectus

50 1013 209 1094 pertinet
232 1012 276 1078 ad
299 1012 568 1088 voluntatemne
592 1012 703 1094 regula
726 1010 887 1078 directiva
907 1012 1081 1095 appetitus.

51 1103 64 1125 ⁵
93 1102 162 1184 Qui
188 1121 255 1166 non
280 1121 321 1166 ex
343 1101 543 1167 confidentia
564 1118 699 1166 suarum
723 1099 863 1178 virium,
887 1103 944 1166 sed
967 1099 1079 1166 auxilii

51 1191 120 1256 Dei
145 1192 256 1256 tendit
280 1192 322 1257 ad
345 1189 479 1269 maiora,
502 1209 571 1256 non
596 1189 672 1254 lacit
707 1192 822 1256 eontra
851 1191 1080 1271 humilitatem,

51 1278 1080 1362 Qmffimfflmfflmmfflmmfflmwwfflm

54 1370 155 1445 item,
175 1369 342 1434 humilitas
356 1369 551 1434 secundario
576 1367 727 1450 reprimit
742 1370 1082 1451 superabundantiam

55 1458 1081 1544 memmmmmmffimmmmmmmmmwm

32 1547 106 1615 Art.
131 1548 165 1615 3.
188 1545 238 1614 Aa
261 1550 347 1612 homo
380 1547 483 1612 deleat
502 1567 533 1612 aa
556 1546 694 1614 omnihus
726 1567 782 1630 per
808 1551 1011 1616 humilitatem
1032 1569 1080 1618 su·

57 1637 186 1705 ttinere.
211 1639 246 1720 il.
271 1637 338 1716 Sie,
362 1640 524 1722 quantum
547 1639 586 1702 ad
614 1637 657 1713 id,
682 1639 771 1722 qued
794 1643 842 1702 est
865 1637 922 1704 Dei
947 1640 981 1704 in
1006 1659 1082 1722 pro·

59 1730 170 1804 aim03
194 1727 252 1792 sed
269 1739 336 1792 non
361 1726 542 1810 requiritur
557 1731 593 1791 ut
608 1725 653 1804 id,
670 1728 760 1809 quod
777 1731 824 1792 est
840 1725 897 1792 Dei
916 1727 951 1792 in
968 1729 1083 1812 seipso,

56 1815 1083 1900 wfflfflwiwmwmfflmmfflfflmmmfflmme

59 1908 153 1992 quod
177 1909 226 1971 est
247 1906 396 1971 suumin
419 1906 524 1988 seipso
548 1903 699 1970 subiiciat
722 1905 769 1981 ei,
793 1905 883 1988 quod
906 1909 955 1970 est
978 1908 1083 1974 hnmi-

60 1997 114 2062 nis
138 1995 174 2060 in
201 1995 361 2079 proximo,
385 1995 553 2078 quianon
577 1999 718 2076 oportet,
743 1998 779 2060 ut
813 1994 950 2078 quilibet
973 1995 1082 2062 existi-

62 2090 130 2150 met
153 2106 187 2149 se
213 2085 314 2170 magis
338 2087 541 2167 peecatorem
566 2084 712 2168 quolibet
736 2085 814 2162 alio,
838 2088 943 2166 potest
967 2089 1079 2154 tamen

5 2173 1080 2259 ffmmmfflfflmmmmmmmmm

63 2269 172 2340 hahet,
197 2269 230 2328 et
254 2264 288 2328 in
312 2283 345 2326 se
370 2263 456 2342 mali,
480 2263 568 2346 quod
593 2282 660 2327 uon
684 2263 784 2327 sitin
809 2263 969 2345 proximo.

63 2359 72 2376 ·
96 2355 185 2417 Dum
211 2353 424 2417 humiliamur
448 2351 573 2416 homini
590 2357 725 2434 propter
747 2352 863 2432 Deum,
877 2373 944 2420 non
964 2353 1081 2420 damus

63 2443 191 2506 homini
211 2443 304 2524 pund
339 2442 405 2507 Deo
429 2441 578 2518 debetur,
604 2443 681 2525 quia
716 2445 763 2507 est
786 2442 849 2507 alia
884 2441 1081 2512 reverentia.

6 2529 1081 2614 phmmfflmmwfflfflmmmmwmm

6 2645 7 2696 l
64 2621 188 2685 teriori.
215 2620 306 2699 ltem,
330 2620 386 2702 qui
411 2638 451 2681 ex
476 2618 659 2684 humilitate
682 2619 818 2686 alieuius
833 2621 1080 2702 scandalizatur,

63 2715 110 2774 est
136 2709 302 2792 passivum
325 2707 528 2772 scandalum.

43 2798 107 2866 Art.
133 2797 165 2865 la.
190 2797 239 2864 An
262 2800 418 2863 humilitas
441 2799 485 2861 sit
504 2817 575 2880 pars
599 2797 766 2880 modestice,
789 2801 836 2866 vel
867 2804 1083 2885 temperantia.

66 2890 98 2970 ie.
122 2887 187 2964 Sie,
211 2893 245 2951 et
259 2887 343 2952 sieut
366 2889 585 2952 mansuetudo
610 2889 761 2970 reprimit
785 2895 912 2956 motum
937 2891 1011 2970 irae,
1036 2892 1084 2957 sie

65 2977 232 3042 humilitas
255 2978 382 3042 motum
406 2975 474 3058 spei
499 2976 533 3040 in
559 2996 678 3060 magna
702 2979 886 3059 tendentis;
910 2985 959 3046 est
974 2985 1083 3048 autem

64 3069 125 3134 sub
149 3066 380 3151 temperantia,
395 3083 453 3130 seu
477 3065 637 3133 modestia
653 3072 788 3150 propter
801 3069 949 3151 modum,
966 3075 998 3136 et
1015 3093 1082 3138 nou

67 3157 250 3224 materiam.

8 3291 9 3296 ,
49 3245 110 3312 ΑΝ.
134 3246 166 3313 5.
191 3245 242 3311 Aa
264 3247 421 3312 humilitas
437 3246 480 3310 sit
499 3246 655 3328 potissima
669 3249 830 3315 virtutum.
853 3250 889 3334 rt.
905 3248 978 3316 Post
995 3250 1083 3314 theo·
1198 3289 1205 3300 ·

8 3299 10 3396 i
68 3337 197 3420 logicas,
221 3340 255 3400 et
277 3335 524 3413 intellectuales
540 3338 573 3399 et
597 3334 755 3404 iustitiam
779 3339 928 3424 legalem,
947 3338 1084 3422 ponitur

8 3397 10 3494 i
72 3423 237 3490 humilitas
262 3425 389 3492 ratione
412 3424 505 3504 linis,
521 3425 598 3507 quia
621 3426 698 3492 faeit
721 3428 888 3494 hominem
901 3429 1082 3495 subiectum

9 3505 11 3558 l
73 3522 234 3600 quantum
256 3513 425 3584 adomnia
449 3515 483 3581 in
508 3513 716 3584 ordinatiane
739 3518 780 3584 ad
804 3519 916 3583 finem.

9 3559 11 3692 ἶ
70 3601 83 3632 *
110 3603 282 3674 Humilitas
304 3603 426 3672 dieitur
461 3603 715 3674 tundamentum
738 3606 915 3693 spiritualis
939 3607 1092 3688 aedilicii,
