2604 4210
420 109 498 164 nrvr
522 107 669 164 uranum.
955 89 1028 164 339·

42 266 119 312 esse
141 248 324 330 peecatum,
348 248 532 331 praesertim
558 249 586 316 si
610 268 678 314 non
702 268 743 314 ex
767 245 966 333 negligentia
987 265 1067 314 eon·

43 337 167 422 tingat,
190 338 218 402 si
240 356 320 403 vero
343 341 497 405 causatur
518 357 560 404 ex
584 337 774 406 inordinata
789 335 1065 421 eoncupiscentia,

42 431 94 491 est
121 431 292 510 peecatum
317 429 379 495 sub
402 428 488 511 gula,
512 431 670 512 unquam
692 430 755 496 sub
777 447 908 512 genere.
932 427 1022 505 ltem,
1037 426 1066 492 si

42 515 122 600 quis
143 516 288 583 scienter
311 516 357 583 ita
379 537 398 582 a
422 517 501 584 vino
524 517 720 597 abstineret,
744 522 782 584 ut
805 520 958 583 naturam
981 517 1067 582 mul·

42 608 122 672 tum
143 609 309 690 gravaret,
333 610 494 691 peccaret.
517 605 608 686 ltem,
632 607 690 693 qui
714 606 835 674 invitat
858 607 1000 691 aliquem
1023 607 1065 671 ad

42 693 243 776 bibendum,
266 695 294 760 si
317 696 447 780 ignoret
469 698 548 778 lore,
572 702 610 764 ut
632 717 674 764 ex
697 698 758 764 hoe
774 699 852 779 potu
869 695 1063 786 inebrietur,

43 803 117 849 non
140 789 266 869 peceat,
290 786 347 851 sed
370 785 397 852 si
421 806 489 853 non
513 787 599 853 adsit
622 785 810 872 ignorantia
832 790 951 850 neuter
966 804 1064 850 exeu-

41 875 149 941 satur.
173 872 265 954 ltem,
288 877 450 942 eorrectio
473 875 639 943 ebrietatis
662 879 710 940 est
733 874 962 960 relinquenda,
986 893 1062 940 oum

43 961 183 1030 timetur
214 985 256 1030 ne
286 969 437 1047 peccator
465 964 610 1031 deterior
646 967 717 1044 liat,
746 964 822 1030 lieet
853 964 992 1032 ebrietas
1021 963 1064 1030 sit

42 1059 229 1133 peceatum.

22 1139 88 1208 Art.
114 1142 146 1209 2.
170 1142 220 1209 An
243 1143 370 1210 ebrietas
392 1145 437 1209 ait
455 1152 609 1228 peccatum
636 1145 772 1210 mortale.
804 1144 839 1227 il.
868 1142 929 1210 Per
957 1163 992 1208 se
1015 1143 1063 1208 lo·

42 1233 179 1314 quendo
201 1234 258 1312 sie,
281 1237 359 1319 quia
381 1235 506 1312 volens,
529 1238 562 1299 et
583 1234 689 1300 soiens
712 1237 809 1298 homo
825 1233 935 1317 privat
949 1252 983 1298 se
1000 1251 1063 1298 usu

43 1320 199 1401 rationis,
229 1343 295 1407 quo
324 1325 408 1389 bene
431 1327 602 1408 operatur,
627 1327 660 1388 et
683 1327 814 1406 peecata
839 1322 937 1400 vitat,
961 1319 1062 1387 etsie

42 1411 222 1478 committit
243 1432 277 1477 se
301 1411 445 1496 periculo
473 1413 648 1496 peeoanrli,
683 1414 772 1496 quod
808 1416 857 1477 est
891 1415 1062 1496 peecatum

43 1502 194 1566 mortale.
219 1502 309 1580 item,
332 1503 480 1586 aeoipere
504 1502 575 1585 plus
598 1502 676 1580 eibi,
705 1507 739 1566 et
762 1506 873 1585 potus,
897 1501 1063 1586 quamsit

45 1609 186 1662 neeesse.
210 1611 278 1657 non
301 1611 431 1674 semper
453 1597 501 1658 est
524 1597 692 1674 peecatum
717 1593 863 1668 mortale,
879 1593 937 1656 sed
956 1590 1062 1655 ebrie-

46 1682 92 1744 tas
114 1680 276 1758 scienter,
299 1680 356 1746 sie.
380 1681 460 1746 ltem
484 1701 552 1748 non
576 1686 709 1748 excusat
730 1702 750 1746 a
774 1685 905 1764 peceato
929 1679 1059 1745 mortali

45 1769 186 1834 ebrietas
208 1775 338 1854 sumpta
360 1771 402 1836 ad
427 1771 675 1853 provocandum
700 1769 871 1848 vomitum,
888 1771 966 1853 quia
980 1769 1058 1835 satis

45 1864 90 1921 est
113 1862 212 1940 potue
234 1879 327 1944 aquae
352 1860 482 1944 tepidae.

28 1943 372 2016 teramnanae
399 1952 443 2014 rit
467 1952 680 2034 grauissimum
707 1955 872 2034 peceatum.
909 1949 944 2031 rt.
973 1947 1060 2026 Non,

45 2037 120 2119 qrria
145 2044 278 2120 peecata
299 2038 491 2122 spiritualia,
515 2058 590 2123 quae
612 2040 748 2124 privant
772 2037 891 2122 majori
910 2041 1008 2116 bono,
1025 2036 1060 2104 id

45 2131 91 2190 est
123 2125 257 2206 divino,
284 2147 343 2194 seu
373 2132 489 2194 eontra
515 2129 636 2210 Deum,
665 2133 744 2194 sunt
770 2127 935 2214 graviora,
960 2145 1062 2210 quam

45 2216 201 2297 ebrietas,
231 2221 265 2282 et
293 2219 612 2306 peceataearnalia,
640 2221 697 2285 sed
726 2221 796 2284 haeo
817 2222 896 2282 sunt
918 2216 1062 2300 gratiora

47 2303 197 2385 Diabolo,
228 2306 306 2391 quia
336 2312 414 2373 sunt
440 2307 681 2391 frequentiora,
706 2327 774 2373 non
798 2307 875 2391 quia
898 2305 1060 2391 graviora.

44 2391 131 2474 ltem,
158 2397 228 2461 haee
251 2395 439 2480 impediunt
463 2417 558 2462 usum
582 2396 728 2474 rationis,
753 2397 815 2461 alia
836 2399 1062 2479 peeoatasunt

44 2489 160 2550 eontra
181 2485 287 2568 ipsam
311 2485 484 2563 rationem,
510 2487 583 2552 ideo
607 2486 770 2570 graviora.

27 2567 84 2639 Art.
109 2573 142 2641 l.
166 2572 218 2642 An
239 2574 367 2641 ebriatae
388 2582 510 2642 excuset
531 2595 550 2642 e
570 2567 700 2660 peccat.
726 2577 761 2660 rt.
785 2574 831 2640 Ex
855 2576 948 2657 parte
970 2575 1061 2640 aetus

44 2665 292 2748 consequentis,
320 2664 397 2748 quia
425 2669 474 2730 est
500 2665 761 2744 involuntarius,
785 2666 917 2730 excusat
945 2683 962 2728 a
986 2681 1061 2746 pee-

43 2756 128 2832 eat03
152 2752 211 2819 sed
233 2774 275 2818 ex
299 2759 392 2837 parte
415 2754 642 2820 antecedentis
665 2761 775 2831 aetus,
798 2773 855 2818 seu
886 2772 1009 2829 oausae,
1032 2752 1060 2817 si
1139 2821 1143 2830 ,

43 2840 100 2906 luit
122 2840 197 2906 sine
220 2843 326 2926 eulpa,
350 2862 489 2928 sequens
513 2845 644 2928 penitus
668 2848 842 2909 excusatur
865 2863 891 2915 a,
907 2845 1054 2925 peeeat0;

44 2930 66 2992 si
87 2949 168 2996 eum
191 2933 305 3016 eulpa,
337 2951 404 2998 non
436 2933 581 2998 totaliter
606 2935 781 2998 excusatur
803 2951 959 3016 sequens,
982 2931 1060 3015 quia

45 3024 87 3084 est
112 3019 234 3085 volitus
257 3021 292 3087 in
317 3021 429 3104 priori,
452 3024 509 3089 sed
534 3023 707 3100 minuitur,
727 3021 812 3087 sieut
829 3021 992 3087 minuitur
1009 3040 1059 3086 ra·

46 3109 85 3174 tio
108 3109 309 3189 voluntarii,
337 3111 422 3176 sieut
445 3112 709 3200 eonoupiseentia
733 3110 855 3184 minuit
878 3113 1058 3200 peceatum,

46 3199 117 3283 quia
141 3219 184 3266 ex
208 3199 412 3272 infirmitate.
