2608 4220
422 151 499 204 nnn
522 149 679 204 anuum.
813 219 816 226 .
967 131 1034 210 5³7

10 265 88 334 Art.
118 266 150 332 t.
174 264 224 333 Aa
246 269 386 350 iooosuu,
402 288 460 352 ooo
479 271 548 354 pois
569 273 726 355 mpooooit
740 287 876 338 sororem
890 285 961 336 sono
974 272 1085 336 uxorio

35 357 179 422 dirimat
199 358 441 424 matrimonium.
467 361 502 443 d.
526 358 565 426 Si
591 364 671 425 ante
695 359 955 437 matrimonium,
984 360 1083 424 etiam

40 452 127 527 post
150 446 313 528 sponsalia
336 447 484 526 dirimit,
508 449 535 514 si
571 453 642 532 post
671 453 878 517 contractum
913 449 1084 515 matrimo-

40 535 148 601 nium
171 553 240 600 non
264 537 404 615 dirimit,
431 539 490 602 sed
514 557 582 603 non
607 543 713 621 potest
735 544 847 622 petere
874 536 1035 604 debitum.

15 621 95 691 Art.
119 624 153 692 5.
176 623 226 690 Ao
248 624 379 709 desertos
402 629 517 693 ostatis
531 629 677 711 impodiot
691 629 933 694 matrimonium.
963 627 998 711 oi.
1021 627 1084 706 Sie,

42 714 128 796 quie
156 713 276 779 mulier
298 716 402 782 debet
429 735 498 782 esse
520 718 695 784 duodecim
718 735 907 795 annorum,
931 716 983 781 vir
1006 735 1085 802 qua·

45 802 255 883 tuordeoim,
271 807 305 869 et
319 807 381 872 hoe
397 805 679 890 impedimentum
694 807 864 874 reducitur
878 806 922 875 ad
937 821 1084 873 errorem

61 897 208 978 propter
230 891 394 962 deiectum
418 894 566 965 rationis.

427 1071 605 1162 Quosne
628 1073 702 1143 ux.

196 1257 288 1322 De
314 1253 677 1338 dispensate
702 1259 924 1336 cultuS,

78 1358 239 1428 quae
257 1348 728 1413 wmatrimonium
758 1344 1031 1428 impedit.

25 1523 107 1591 Art.
134 1522 166 1591 i.
189 1521 239 1590 Au
261 1522 361 1609 poietin
380 1525 479 1610 possit
499 1525 676 1591 oootrotrore
701 1541 770 1590 oum
793 1522 921 1608 ioptdoti
946 1525 981 1608 tt.
1004 1523 1086 1604 Non,

56 1615 95 1680 in
122 1631 212 1680 nova
235 1613 327 1698 iege,
351 1614 431 1698 quia
454 1613 637 1700 requiritur
659 1616 768 1679 unitas
802 1613 908 1678 uultus
936 1615 978 1680 de
1002 1631 1086 1696 prae·

53 1702 159 1781 senti,
175 1703 232 1768 sed
247 1702 412 1787 sponsalia
432 1705 474 1772 de
488 1706 603 1769 tuturo
618 1721 695 1770 eum
711 1701 926 1785 promissione
947 1703 991 1768 de
1006 1721 1087 1769 oon·

52 1792 212 1858 versione
235 1793 358 1872 valent,
382 1793 460 1878 qnia
474 1794 518 1859 de
532 1794 658 1860 futuro.
681 1792 772 1871 item,
794 1794 993 1857 contrahens
1008 1810 1084 1858 enm

52 1881 223 1948 haeretica
245 1886 337 1949 tenet
360 1882 622 1960 matrimonium,
646 1881 724 1966 quia
747 1882 880 1947 habent
901 1899 1087 1948 saeramen·

53 1977 131 2036 tum
157 1971 245 2050 tidei,
268 1971 303 2037 id
327 1977 375 2037 est
397 1971 609 2055 baptismum,
631 1972 690 2038 sed
705 1974 841 2053 peooat;
863 1969 951 2036 idem
967 1971 1009 2036 de
1032 1991 1088 2036 ex·

54 2061 311 2143 communicata.
336 2062 416 2129 item
438 2064 704 2129 eatheoumenus
727 2079 795 2126 non
820 2059 1017 2144 baptizatus,
1050 2060 1087 2126 ii·

54 2155 110 2216 oet
134 2152 254 2216 babeat
276 2171 390 2218 veram
412 2152 535 2231 fidem,
559 2151 586 2216 si
609 2150 779 2217 contrahit
801 2167 876 2215 oum
903 2149 1086 2234 baptizata,

56 2259 129 2306 non
153 2244 256 2306 tenet.

34 2328 107 2398 Art.
130 2328 165 2396 2.
188 2327 238 2396 Ao
262 2333 346 2398 iuter
369 2329 504 2416 infideles
516 2331 688 2415 poeniteam
704 2331 945 2397 matrimonium.
973 2329 1008 2412 it.
1024 2327 1087 2408 Sie,

57 2419 122 2485 sed
147 2420 391 2501 imperfectum,
417 2421 496 2503 qnia
519 2422 595 2486 lioet
609 2421 794 2504 perducent
813 2420 939 2502 prolem
954 2419 996 2485 ad
1012 2437 1088 2502 per·

57 2507 243 2574 teetionern
268 2511 347 2594 tegis
370 2513 521 2588 naturae,
545 2527 622 2595 quoe
644 2513 694 2575 est
717 2509 925 2592 imperieeta,
948 2527 1015 2573 non
1040 2512 1088 2573 ta·

57 2617 142 2663 men
167 2598 209 2663 ad
233 2599 470 2680 perfectionem
494 2599 630 2684 gratiae,
655 2616 729 2684 quae
752 2602 801 2664 est
824 2616 883 2680 per
909 2598 1030 2674 iidem,
1054 2599 1088 2661 et

57 2687 109 2752 sie
139 2687 175 2751 in
208 2687 401 2754 infidelibus
435 2707 503 2754 non
527 2693 578 2754 est
598 2691 863 2766 sacramentum,
893 2687 951 2752 sed
980 2691 1017 2752 ut
1040 2685 1088 2752 oi-

57 2775 176 2842 iioinm
200 2781 344 2843 nature.
379 2776 460 2843 item
484 2777 561 2843 lieet
584 2777 833 2844 matrimonium
855 2773 899 2841 sit
926 2776 1015 2841 inter
1037 2773 1089 2841 in·

58 2866 187 2945 fideles,
212 2869 325 2932 tomen
351 2886 420 2932 non
445 2872 494 2932 est
516 2866 605 2934 inter
627 2867 769 2946 fidelem,
796 2870 830 2932 et
845 2865 1012 2930 infidelem
1037 2883 1089 2930 ra·

60 2955 155 3020 tione
177 2954 379 3040 disparitatis
402 2957 437 3021 in
462 2956 537 3034 tide,
562 2961 595 3022 et
618 2957 748 3022 ratione
770 2953 985 3024 infidelitatis.

38 3041 377 3113 resumemus
407 3065 568 3113 ooooerom
597 3046 636 3112 od
662 3047 750 3132 Mem
774 3045 874 3128 possit
903 3061 1089 3110 oommooero

61 3151 133 3200 oom
155 3153 253 3202 uoore
274 3136 398 3202 notente
416 3138 562 3203 oouoorti.
580 3137 615 3222 it.
635 3134 696 3214 Sio,
713 3134 790 3221 quia
808 3134 889 3199 tides
912 3152 980 3198 non
1005 3133 1089 3197 tollit

63 3223 331 3307 matrimonium,
355 3226 412 3291 sed
434 3225 463 3290 si
486 3227 528 3291 sit
551 3225 730 3304 obstinata,
755 3225 861 3308 potest
876 3238 952 3288 eum
968 3239 1088 3288 eonon

63 3314 267 3393 conversari,
293 3334 355 3380 neu
378 3315 527 3381 debitum
552 3319 680 3399 petere;
704 3315 791 3381 idem
806 3311 998 3389 dicendum,
1011 3330 1089 3377 oum

63 3421 150 3467 uxor
172 3401 214 3467 sit
237 3403 396 3470 adultera.
420 3404 500 3469 ltem
518 3405 684 3480 infideles,
699 3404 756 3488 qui
780 3404 1020 3468 contraxerunt
1036 3400 1089 3466 in·

66 3496 119 3556 ter
142 3493 263 3576 gradus
286 3493 468 3576 prohibitos
491 3495 532 3559 de
555 3492 628 3559 iure
650 3494 767 3560 divino
792 3491 820 3557 si
835 3493 1088 3568 eonvertantnr,

67 3599 136 3646 non
157 3587 294 3664 possunt
316 3582 414 3648 simul
439 3600 575 3648 manere
587 3602 596 3663 ;
631 3582 658 3649 si
693 3585 734 3650 de
768 3582 841 3647 iure
869 3578 1089 3646 Ecclesiastico

69 3675 215 3756 possunt
239 3671 332 3754 item,
352 3672 381 3742 wsi
405 3672 548 3740 infidelis
571 3674 696 3743 habens
724 3672 844 3740 modias
866 3687 987 3738 uxores
1009 3687 1088 3738 oon·
