2614 4190
441 159 519 216 nrrr
541 159 691 218 recum.
969 144 1036 216 tol

57 276 73 309 ‘
93 276 209 346 Adulti
246 276 431 347 circumcisi
468 277 698 348 liberabantur
734 279 777 348 ab
813 279 906 348 omni
946 285 1080 366 peccato

56 367 161 436 etiam
186 367 315 450 actuali,
338 369 396 436 scd
420 389 488 437 non
512 389 531 436 a
554 373 622 437 tota
642 389 760 454 poena,
784 371 880 437 utin
905 371 1080 458 baptismo.

408 638 586 726 oonsrro
614 637 719 708 exn.

58 823 154 888 De
184 824 688 904 praeparatos-rm,
713 834 844 900 quse
874 824 1058 890 simul

107 918 493 980 concurrunt
518 927 661 980 oum
684 914 1003 993 baptismo.

21 1087 104 1158 Art.
130 1089 161 1158 l.
187 1089 236 1158 Ao
257 1093 452 1158 concinnus
474 1090 577 1158 doleat
608 1089 783 1176 poenitere
818 1090 1009 1175 baptismum,
1040 1093 1076 1179 ἢ.

53 1179 121 1260 Sic,
146 1181 224 1266 quia
246 1180 434 1248 instruendi
456 1186 536 1248 sunt
558 1183 596 1247 ut
618 1180 782 1264 accipiant
804 1180 1009 1265 signaculum
1032 1183 1074 1248 fi-

54 1269 124 1350 dci,
147 1274 181 1336 et
204 1289 287 1354 puer
308 1271 472 1356 obligatur
495 1290 555 1355 per
577 1270 666 1337 alios.

24 1356 106 1428 Art.
129 1359 162 1427 2.
179 1358 229 1428 Ao
245 1363 428 1428 exorcismus
450 1360 553 1429 dotem
570 1358 778 1445 praecederet
779 1341 950 1445 uptismom
967 1361 1003 1446 ri.
1015 1360 1078 1442 Sic,

56 1453 97 1515 ut
120 1450 304 1533 expellatur
326 1450 483 1529 Daemon,
511 1471 554 1516 ne
574 1450 752 1536 impediat;
779 1451 833 1516 cui
855 1449 1079 1517 subiiciuntur

54 1541 212 1608 homines
234 1559 294 1624 per
317 1539 476 1624 originale
498 1544 680 1624 peccatum,
704 1541 737 1604 et
759 1540 959 1608 declaratur.

27 1625 106 1697 Art.
118 1629 151 1699 3.
166 1628 216 1698 Ao
231 1649 266 1696 eo
276 1648 350 1715 onoc
368 1637 503 1715 opoutor
518 1633 554 1698 io
565 1632 732 1698 ecorotsmo
745 1629 864 1714 aliquid
878 1631 1024 1714 efficient.
1042 1631 1078 1717 ri,

54 1718 122 1800 Sic,
146 1721 324 1787 attollunt
347 1721 594 1804 impedimenta,
617 1719 695 1808 quia
717 1723 797 1786 sunt
818 1719 1080 1802 sacramentalia,

54 1812 92 1874 et
115 1810 327 1877 declarantur
349 1809 489 1894 singula.

28 1894 104 1966 Art.
128 1898 162 1967 l.
184 1897 233 1967 Ao
255 1903 298 1966 su
311 1903 445 1984 officium
459 1898 623 1969 sucerdotis
641 1899 829 1967 conotizore
847 1906 878 1966 et
899 1901 1079 1970 exorcizare

54 1987 284 2073 baptizandum.
310 1991 348 2074 ri.
370 1988 434 2070 Sic,
458 2010 499 2056 ex
522 1991 639 2070 cilicio,
655 1991 713 2056 sed
729 1989 860 2056 diaconi
879 1989 1081 2056 ministeria·

54 2078 151 2160 liter,
176 2080 256 2146 dum
293 2080 477 2146 sacerdotes
511 2081 688 2146 conferunt
718 2083 944 2146 sacramenta:
974 2081 1078 2146 lector

54 2169 226 2237 ministrat
248 2169 283 2235 in
307 2169 513 2249 catechismo,
530 2169 691 2237 exorcista
703 2167 737 2236 in
754 2169 948 2250 exorcismo,
963 2173 1002 2236 ut
1016 2168 1081 2236 mi·

54 2259 238 2326 nistrantes
259 2258 432 2327 sacerdoti.

54 2347 69 2375 *
92 2346 261 2415 instruere
282 2349 325 2415 ad
347 2349 447 2416 fldem
471 2348 506 2414 in
530 2347 745 2416 conversione
768 2350 875 2432 potest
893 2350 1083 2432 competere

53 2439 212 2506 omnibus
224 2459 233 2521 ;
268 2440 386 2504 docere
411 2440 576 2524 quomodo
611 2440 708 2505 debet
741 2439 814 2523 quis
849 2439 997 2522 accipere
1029 2456 1082 2505 sa·

53 2532 238 2615 crementa,
250 2527 478 2612 principaliter
500 2529 543 2595 ad
566 2529 770 2595 sacerdotem
794 2529 951 2612 pertinet,
976 2531 1082 2597 etse·

53 2617 219 2686 cundario
241 2618 284 2685 ad
307 2617 473 2685 ministros
496 2617 679 2684 interiores.
711 2615 888 2686 instructio
919 2619 961 2685 de
999 2635 1081 2683 con·

53 2707 244 2776 versatione
266 2706 455 2776 christianae
477 2707 556 2774 vitae
578 2709 621 2775 ad
642 2707 795 2775 Patrinos
807 2726 816 2788 ;
841 2707 899 2774 scd
921 2708 963 2774 dc
1000 2724 1080 2790 pro·

53 2798 168 2866 lundis
192 2796 365 2884 mysteriis,
389 2802 422 2865 et
443 2799 485 2866 dc
508 2798 708 2884 perfectione
736 2797 916 2866 christiana
940 2796 982 2864 ad
1005 2792 1086 2881 Epi·

53 2907 172 2975 scopos
195 2888 349 2972 pertinet.

399 3157 580 3246 QUAES'llO
603 3159 719 3230 LXXll.

35 3341 128 3412 De
152 3349 542 3412 saer-amento
564 3341 1079 3412 confirmacionis

37 3521 102 3592 lot.
128 3523 160 3592 l.
183 3522 233 3591 Ao
255 3527 446 3610 confirmatio
470 3525 515 3590 sit
534 3529 771 3592 sacromentum.
796 3521 833 3604 ri.
855 3518 917 3599 Sic,
951 3519 987 3586 iu
1017 3536 1083 3604 quo

56 3615 156 3682 homo
179 3614 298 3699 accipit
321 3616 489 3703 quandam
513 3616 757 3698 perlectionem
780 3611 858 3679 vitas
880 3607 1083 3696 spiritualis,

56 3724 130 3789 quae
156 3703 351 3792 accipitur·
341 3725 377 3774 m
401 3705 576 3791 baptismo
