2636 4202
412 65 421 104 i
461 85 540 135 nnn
564 85 710 138 anonae.

458 331 636 424 Quanto
660 336 726 408 in.

83 517 182 586 De
208 473 672 604 comparatione
697 521 1080 604 Angelorum

423 610 498 676 ad
528 615 749 688 locum,
1017 641 1020 647 ·
1081 608 1083 613 ’

57 787 122 857 Art.
152 790 185 858 i.
210 791 261 858 Ao
284 789 419 876 Anneius
440 793 485 858 ait
505 791 540 856 in
565 791 637 856 toea.
669 793 705 876 it.
733 789 810 870 Sic,
844 792 1013 876 aequivoce
1050 808 1109 874 per

76 880 328 962 operationem,
353 901 410 946 sou
434 883 622 948 contactum
646 880 795 960 virtutis,
827 899 889 946 nee
917 880 1109 948 continetur

78 990 96 1034 a
119 970 207 1048 loeo,
226 971 286 1036 sed
309 991 327 1035 e
350 976 482 1052 eontra3
505 969 590 1035 sient
612 970 722 1038 anima
747 970 897 1036 eontinet
917 989 1066 1053 eorpus.-

56 1059 121 1125 ΑΝ.
146 1060 185 1126 2.
207 1058 259 1126 An
282 1058 415 1144 Attentos
437 1063 539 1145 possit.
558 1080 618 1127 esse
652 1063 687 1128 in
719 1059 860 1144 pleribus
896 1061 970 1126 taeta
1004 1061 1106 1127 etmel.

78 1149 115 1231 it.
137 1149 224 1226 Non,
250 1148 327 1232 quia
350 1154 398 1214 est
423 1171 481 1234 per
504 1151 663 1216 virtutem
687 1151 825 1226 finitam,
843 1149 896 1228 eui
914 1151 1001 1215 ioous
1017 1167 1106 1214 eoin·

78 1243 221 1320 paratur
246 1243 283 1303 ut
306 1257 404 1310 unus.
429 1239 516 1305 Licet
534 1238 674 1324 Angelus
698 1244 829 1319 moveat
851 1243 955 1305 totuin
974 1239 1104 1316 eoeium,

78 1331 195 1394 tamen
232 1347 302 1393 non
335 1333 384 1394 est
418 1328 453 1394 in
489 1331 556 1393 toto
591 1331 690 1409 oete,
721 1329 798 1412 quia
821 1347 855 1392 se
879 1329 1022 1412 applicat
1045 1327 1105 1396 uni

78 1419 176 1498 parti.
201 1417 282 1482 item
308 1415 448 1502 Angelus
471 1421 521 1482 est
543 1419 774 1484 definitivein
799 1419 879 1484 ineo.

58 1504 122 1573 Art.
147 1507 182 1574 3.
206 1506 257 1574 An
277 1508 381 1590 plnres
403 1507 515 1592 Annali
535 1511 656 1592 possint
676 1527 736 1576 esee
758 1509 850 1574 simul
865 1509 899 1572 in
912 1508 1013 1574 eodem
1030 1507 1102 1574 ioco.

80 1597 114 1678 rt.
137 1597 230 1675 Non,
262 1597 430 1680 quianon
455 1603 591 1681 possunt
614 1619 683 1666 esse
704 1600 780 1663 dnae
804 1615 909 1688 eausae
933 1597 1103 1680 completae

78 1685 178 1753 unius
202 1685 349 1771 effeetus,
372 1693 405 1754 et
428 1687 571 1765 daemon,
596 1692 629 1753 et
651 1688 764 1754 anima
780 1687 815 1752 in
833 1687 949 1753 eodem
965 1697 1103 1769 corpore

81 1793 145 1841 non
173 1779 224 1841 est
248 1777 364 1841 eodem
388 1779 502 1856 modo,
528 1777 605 1862 quia
628 1778 739 1844 anima
762 1781 871 1844 estut
893 1777 1015 1862 fornia,
1039 1773 1102 1842 An·

79 1865 176 1948 gelus,
193 1869 234 1933 ut
256 1883 354 1934 eausa
377 1873 524 1933 movens.

440 2045 620 2132 QUAEsi'io
645 2047 715 2114 Llll.

116 2227 211 2292 De
239 2233 408 2296 motu.
431 2233 613 2295 looall
638 2231 1030 2310 Angelorum.

57 2399 116 2468 Art.
140 2404 173 2472 i.
196 2403 249 2472 An
270 2405 404 2490 Anneius
425 2410 524 2490 possit
543 2410 658 2476 moveri
683 2408 830 2475 localiter.
855 2408 891 2490 it.
914 2403 976 2482 Sio,
993 2401 1095 2487 aequi·

75 2509 160 2570 voce,
187 2494 267 2578 quia
288 2495 473 2562 successive
497 2503 603 2580 potest
627 2502 763 2586 tangere
785 2496 917 2561 diversa
941 2495 1022 2558 toea.

58 2577 113 2647 Art.
137 2583 171 2649 2.
195 2582 246 2650 An
264 2583 403 2668 ,Atinates
434 2594 571 2654 transeat
596 2607 651 2671 per
685 2581 823 2654 medinm.
862 2587 896 2668 it.
932 2583 968 2647 in
1004 2583 1096 2645 motu

75 2673 232 2738 continuo
255 2674 312 2750 sie,
338 2675 372 2738 in
398 2695 465 2741 non
480 2677 661 2756 'continue
686 2696 765 2741 non:

60 2755 113 2827 Art.
136 2761 170 2828 3.
194 2760 245 2828 An
269 2771 369 2828 motus
391 2763 502 2848 Anqett
524 2769 568 2832 sit
588 2769 623 2830 in
651 2767 793 2832 instanti.
830 2766 865 2847 ii.
895 2761 982 2838 Non,
1018 2757 1095 2843 quia

74 2855 145 2916 sont
179 2853 249 2916 duo
285 2871 394 2932 nuno,
421 2860 454 2918 et
484 2861 531 2921 est
556 2856 646 2939 prins
670 2861 703 2920 et
727 2853 905 2936 posterius,
929 2855 962 2915 et
986 2853 1095 2920 motus

76 2937 180 3024 ingeii
214 2961 284 3006 non
315 2949 365 3006 est
394 2947 578 3030 seeundum
609 2945 828 3030 quantitatem
860 2940 1009 3023 virtutis,
1035 2938 1093 3002 sed

75 3032 256 3096 seeundum
284 3029 595 3100 determinationem
622 3034 818 3112 voluntatis,
843 3051 903 3096 neo
927 3029 1092 3112 pendete

77 3123 158 3184 notu
183 3120 283 3185 ooeti'
