2632 4212
429 151 506 206 mm
528 148 675 206 rnonm.
965 129 1035 210 ιιι

46 285 222 448 esthohoni,
245 287 282 358 id
304 295 363 371 est,
387 293 522 378 qnando
535 291 749 378 'cognoscitur
765 293 931 377 objectum
949 311 1074 375 sensus,

47 384 79 446 et
145 393 246 448 nuum

28 469 447 556 nonamdecimam
473 475 616 556 superori
644 492 663 539 o
689 476 828 557 passione
853 482 962 540 contro
988 491 1073 542 suom

46 561 221 628 edendnm
248 564 284 647 ri.
308 561 465 630 Voluntas
495 583 563 628 non
594 565 700 646 potest
729 563 813 628 velle
840 566 980 644 malum,
1010 563 1073 648 nisi

47 669 85 716 ex
108 665 236 731 onore,
259 652 313 717 vel
337 651 526 738 ignorantia
549 650 745 719 intellectus.
770 654 848 718 item
868 657 974 736 potest
988 653 1073 719 scire

48 739 245 821 universale,
268 740 303 807 id
326 743 386 821 est,
411 760 477 808 non
497 761 566 808 esse
581 742 829 823 fornicandum,
845 745 903 809 sed
919 745 1073 829 ignorare

50 830 260 914 particulare,
285 832 373 897 hane
394 849 462 898 csse
483 831 748 898 fornicationem.
774 831 853 898 ltem
870 835 976 916 potest
990 832 1075 898 scire
1137 849 1141 857 ·

49 919 82 986 in
105 920 237 998 habitu,
259 921 320 986 sed
344 939 412 988 nun
437 921 472 987 in
496 927 588 1002 actu,
613 921 715 987 etsie
738 925 843 1004 potest
865 922 973 988 iacere
995 941 1075 988 oon·

47 1013 95 1076 tra
115 1008 305 1089 scientiam,
328 1024 403 1096 qnae
426 1011 462 1077 in
485 1016 561 1077 actu
584 1031 653 1077 non
678 1011 917 1078 consideratur.
944 1010 1071 1077 lienosi

47 1098 248 1178 voluntarie,
273 1103 321 1166 est
344 1106 525 1184 peccatum,
549 1105 612 1166 etc.

28 1189 90 1258 dot.
114 1189 146 1256 3.
171 1188 223 1256 An
243 1197 399 1273 peccatam
427 1210 466 1257 eoo
492 1194 633 1274 passione
659 1188 761 1258 deleat
783 1191 845 1258 dici
874 1210 912 1257 eoo
940 1192 1073 1276 infirmi·

50 1287 116 1347 tote.
142 1280 180 1363 ni.
204 1277 269 1358 Si‘c,
293 1280 372 1366 qnia
393 1281 571 1346 deordinat
594 1285 702 1363 partes
726 1281 878 1359 rationis,
904 1284 940 1347 ut
964 1284 1074 1364 partes

48 1368 194 1452 corporis
217 1367 424 1436 deordinatae
447 1369 575 1436 iaciunt
597 1389 716 1454 corpus
740 1372 923 1438 infirmnm.

31 1459 91 1526 lot.
115 1458 148 1526 4.
171 1457 224 1525 An
246 1477 333 1526 omer
354 1462 404 1526 oni
425 1462 469 1527 eil
488 1461 678 1543 principium
701 1463 799 1528 omnio
821 1463 946 1544 peceati.
968 1462 1003 1543 d.
1020 1460 1073 1525 ln·

50 1549 225 1616 ordinatus
246 1547 309 1627 sic,
333 1549 410 1634 qula
434 1551 507 1616 vult
529 1549 591 1615 sibi
617 1554 741 1617 bonum
765 1549 1014 1630 commutabile,
1040 1551 1073 1615 in

50 1641 144 1722 cujus
168 1637 318 1721 appetitu
341 1644 390 1704 est
415 1643 597 1722 peccatum.

31 1727 92 1796 dot.
115 1728 148 1794 5.
173 1727 224 1794 An
247 1727 319 1794 bone
339 1737 498 1812 ponuntur
520 1749 616 1798 coneo
637 1739 838 1813 peecatorum,
862 1731 1072 1813 concupiscen-

52 1823 94 1884 tio
115 1821 234 1899 comio,
258 1821 503 1902 concupiscentie
526 1822 691 1900 oculorum,
707 1820 941 1904 superbiendo.
960 1819 994 1902 rt.
1011 1817 1073 1895 Sic,

50 1908 124 1993 quia
159 1908 279 1974 dicunt
310 1908 502 1976 ordinatum
536 1910 721 1994 appetitum
756 1912 938 1987 bonorum,
969 1910 1003 1972 et
1031 1906 1073 1971 ad

52 2000 119 2064 haee
135 1997 201 2063 tria
219 2002 356 2079 possunt
372 1998 486 2065 reduci
501 2019 616 2065 omnes
632 2000 752 2067 animae
768 1999 943 2082 passiones,
956 1993 1073 2082 (vide.)

32 2086 93 2156 Art.
116 2087 150 2155 d.
169 2085 222 2154 An
233 2094 389 2170 meconem
404 2089 564 2156 allevietur
576 2096 702 2174 propter
716 2093 894 2172 porcionem.
913 2089 947 2172 ri.
963 2086 1076 2170 Quon-

52 2180 92 2244 do
113 2175 239 2244 minuit
263 2178 490 2245 voluntarium
513 2179 570 2260 sic,
595 2183 632 2246 ut
651 2180 755 2264 passio
771 2179 982 2257 antecedens,
998 2194 1073 2260 quoe

51 2266 189 2352 impellit
213 2267 438 2349 voluntatem
465 2270 524 2335 sed
547 2283 753 2354 consequens
777 2287 860 2348 non,
888 2267 946 2333 sed
972 2264 1076 2348 magis

51 2361 147 2443 angel
170 2360 354 2440 peecatum,
377 2377 434 2423 oen
457 2363 506 2424 est
527 2357 660 2444 signum
685 2357 934 2444 magnitudinis.

52 2446 194 2514 *Paaeio
219 2451 267 2512 est
290 2465 387 2514 eausa
410 2448 535 2532 peccati
559 2469 600 2514 ex
625 2453 720 2532 parte
741 2442 982 2523 conversionis,
1008 2462 1076 2508 non

51 2537 244 2606 avernonn.

34 2625 91 2695 dri.
116 2627 150 2696 7.
172 2624 226 2696 dn
246 2629 348 2710 passio
372 2631 508 2695 tentione
530 2636 653 2696 coereeat
673 2649 691 2696 o
712 2636 842 2713 peccato.
876 2628 910 2710 ol.
940 2625 973 2690 Si
996 2623 1075 2690 tecit

51 2721 161 2786 actum
184 2718 325 2784 omnino
349 2717 585 2799 voluntarium,
609 2719 664 2797 sle,
681 2739 782 2797 secus,
799 2737 880 2795 non,
900 2715 989 2801 (vido
1005 2715 1077 2796 ibi.)

35 2805 91 2876 lot.
116 2809 152 2878 8.
174 2805 227 2876 An
247 2805 403 2890 peccorum
425 2808 505 2894 qood
526 2816 573 2876 eat
591 2828 630 2874 eoo
652 2807 906 2892 passione-possit
919 2821 979 2872 ene
995 2821 1073 2872 mor·

54 2899 116 2968 loto.
145 2901 181 2984 ri.
206 2894 273 2976 Sic,
294 2897 322 2963 si
347 2915 414 2965 non
438 2901 626 2977 concurrat,
651 2917 726 2965 cum
750 2898 858 2983 possit,
875 2900 909 2963 et
922 2897 1071 2974 tenetur3

54 3009 116 3058 non
139 2987 191 3056 sic
215 2987 349 3071 primns·
366 2991 484 3069 motus,
507 2979 560 3055 vel
583 2987 769 3055 dementia·

252 3193 259 3201 ·
392 3166 571 3254 Quosne
594 3165 722 3234 onnon.

118 3354 216 3418 De
240 3365 428 3417 causa
450 3353 710 3432 peccati,
735 3365 867 3433 quae
891 3355 987 3417 est

429 3442 677 3510 malitia.
955 3461 958 3468 ·

39 3617 99 3690 nr.
123 3619 154 3690 ι.
177 3621 229 3691 Aa
251 3617 365 3704 eliquia
384 3626 485 3706 peccet
505 3637 545 3687 oo
559 3627 642 3688 corto
655 3620 786 3688 molitio.
813 3621 847 3704 rt.
864 3617 927 3698 Sic,
944 3616 1081 3702 ¹quamdo
1135 3574 1138 3584 ⁵

56 3708 286 3894 mitia
305 3709 379 3784 elno
393 3709 732 3798 passioneantepcoit
746 3713 879 3841 uocum
897 3705 1082 3844 temporale
