2608 4220
252 83 320 160 bid
562 100 606 152 rx
626 96 895 153 surrnnummo

207 218 275 287 Art.
299 219 331 286 8.
353 217 404 286 Aa
417 216 530 302 prodor
544 219 712 302 offimitttis
727 214 934 282 renodantur
950 214 1113 284 seeundum
1125 217 1247 301 predum

229 310 518 392 corrroaputmtotis.
542 309 578 392 ri.
601 305 665 374 Sic.
700 306 798 385 item,
832 305 956 372 facilius
982 306 1192 390 dispensatur
1214 308 1245 374 in

232 399 365 471 remotis
377 397 533 482 gradibus
544 395 723 482 affinitatis,
740 414 841 480 quam
853 394 1161 480 consanguinitatis,
1175 399 1246 483 quia

228 492 277 552 est
299 488 410 554 minus
440 487 624 553 vincutum.

206 575 276 644 Art.
299 576 331 644 9.
353 575 404 643 rim
425 578 601 660 coniugium
624 576 913 643 eoomoemmiuter
931 576 1103 660 ostiumst
1124 595 1246 643 corsuu-

227 669 353 750 primos
375 685 490 752 semper
523 669 566 734 sit
594 664 805 732 dirimendum.
838 667 874 750 ri.
897 663 970 744 Sic,
1005 664 1086 752 quia.
1112 670 1247 736 nonest

228 755 487 834 matrimonium,
511 760 545 821 et
567 753 765 822 concubitus
791 757 874 822 esset
902 758 1072 838 peccatum
1101 757 1246 836 mortale,

228 846 292 911 nisi
315 845 503 931 ignorantia
526 848 706 910 excusaret.

232 935 243 960 *
267 935 359 1016 Item,
383 937 583 1002 contrahens
604 934 632 1000 si
656 937 704 1000 est
728 938 837 1000 certus
853 933 895 999 de
911 932 1162 1017 impedimento,
1181 955 1246 1002 non

228 1028 333 1109 potest
357 1029 481 1110 petere,¹
503 1043 565 1090 uec
587 1024 728 1090 reddere
735 1022 788 1102 ;si
806 1023 972 1107 opinatur,
989 1028 1095 1108 potest
1119 1027 1246 1092 tantum

227 1114 388 1194 reddere;
412 1113 439 1178 si
463 1119 630 1190 neutrum,
655 1117 761 1196 potest
784 1117 896 1196 petere
919 1117 952 1178 et
975 1113 1125 1180 reddere.

205 1204 273 1271 Art.
298 1201 486 1272 rumor
512 1205 732 1286 separationem
761 1204 955 1270 matrimonii
987 1203 1141 1270 eorrtroeti
1169 1206 1247 1272 mter

228 1297 358 1378 ostam,
382 1301 414 1360 et
433 1295 672 1376 consanguineos
699 1295 743 1360 sit
772 1292 995 1378 procedendum
1021 1312 1078 1376 per
1099 1296 1184 1360 vium
1206 1315 1248 1362 or·

225 1386 411 1474 amotionis·
427 1385 462 1468 ri.
486 1382 594 1459 Potest
617 1381 751 1466 procedi
774 1384 959 1456 accusando
981 1386 1102 1462 eontra
1125 1383 1247 1452 iactum

223 1473 386 1539 illicitum.

222 1560 237 1590 *
260 1560 415 1629 Extranei
439 1560 647 1650 repelluntur
662 1562 705 1629 ab
716 1562 922 1629 accusatione
937 1560 1156 1642 matrimonii,
1172 1583 1247 1631 cum

224 1651 461 1737 consanguinei
484 1653 595 1718 tacent
605 1651 663 1736 qui
676 1649 813 1736 possunt
828 1654 979 1736 probare.
997 1651 1088 1731 item,
1112 1655 1247 1741 quando

222 1746 302 1808 sunt
328 1741 513 1826 sponsalia,
548 1760 616 1807 non
650 1741 751 1808 datur
778 1741 963 1809 accusatio:
998 1745 1106 1826 potest
1136 1746 1246 1812 tamen

221 1831 419 1937 denunciari
453 1831 753 1916 impedimentum,
788 1836 826 1897 ut
854 1830 1055 1915 impediatur
1077 1834 1246 1900 matrimo-

222 1941 326 1987 nrum.

197 2009 268 2080 Art,
292 2009 344 2078 ii.
367 2010 417 2079 Aa
439 2009 479 2076 od
499 2011 721 2094 separationem
755 2012 948 2100 matrimonii
981 2011 1136 2077 contracti
1164 2015 1245 2080 inter

222 2103 330 2184 affines
352 2109 384 2169 rt
403 2103 642 2184 consanguineos
662 2101 786 2185 procedi
807 2102 910 2169 debeat
927 2119 983 2184 per
1003 2107 1101 2166 tester.
1129 2101 1165 2186 ri.
1182 2102 1243 2182 Sic,

221 2194 258 2255 ut
281 2192 338 2256 fiat
361 2190 442 2256 fides
465 2189 565 2255 iudici
589 2209 647 2273 per
670 2195 777 2269 testes,
801 2195 834 2256 et
856 2193 945 2259 idem
968 2194 1074 2274 potest
1097 2210 1168 2256 esse
1189 2213 1241 2258 ac·

219 2284 349 2346 cusator
372 2285 405 2345 et
428 2279 527 2359 testis,
551 2283 584 2344 et
607 2299 674 2345 non
699 2281 829 2346 iuratur
846 2280 888 2346 de
906 2278 1083 2360 calumnia,
1107 2286 1141 2345 et
1164 2301 1240 2348 con·

219 2369 392 2451 sanguinei
416 2372 551 2452 possunt
585 2387 655 2434 esse
688 2373 807 2450 testes,
832 2371 919 2436 vaiet
948 2368 1175 2436 testimonium
1199 2372 1240 2437 de

219 2459 346 2534 auditu,
371 2479 439 2525 non
463 2462 615 2526 servatur
637 2459 719 2525 ordo
743 2459 944 2537 indiciariuS,
956 2457 1034 2542 quia
1057 2462 1237 2527 contumax

219 2550 325 2632 potest
348 2546 638 2627 excommunicari,
661 2547 719 2614 lite
742 2568 810 2616 non
835 2552 1025 2616 contestata.

476 2810 478 2814 ¹
585 2725 762 2810 Qunsrro
790 2725 861 2796 uu.

239 2909 330 2975 De
353 2905 790 2989 impedimento
816 2887 1201 2990 cognationis

536 3001 895 3080 spiritualis·

194 3173 263 3244 Art.
288 3173 319 3242 i.
340 3174 391 3245 Ao
412 3178 586 3262 spiritualis
609 3179 749 3259 corratio
771 3176 916 3260 impediet
936 3180 1179 3244 matrimonium.
1204 3183 1240 3264 rt.

216 3263 278 3343 Sic,
301 3263 386 3332 sicut
408 3271 442 3334 ct
464 3265 612 3332 carnalis.
637 3265 727 3345 ltem,
750 3264 777 3330 si
801 3266 964 3349 praecessit
985 3268 1238 3337 matrimonium

219 3353 380 3437 impedit,
402 3360 435 3422 et
457 3355 583 3421 dirimit
605 3358 833 3437 contractum
864 3357 892 3421 si
914 3357 1144 3440 subsequitur,
1168 3380 1237 3428 nou

217 3444 315 3509 solvit
338 3444 597 3523 matrimonium,
621 3444 679 3510 sed
701 3445 759 3529 qui
793 3446 960 3512 contraxit
982 3447 1237 3533 cognationem,

217 3552 283 3598 uon
309 3539 414 3617 potest
437 3537 548 3616 petere
570 3533 736 3615 debitum,
760 3534 825 3600 nisi
847 3535 882 3602 in
907 3537 1120 3616 necessitate,
1144 3557 1179 3608 v.
1202 3561 1235 3626 g.

216 3621 244 3687 si
266 3627 360 3710 pater
382 3620 575 3711 baptizasset
597 3623 713 3714 filium,
737 3627 877 3710 uterque
899 3629 1006 3722 potest
1027 3634 1148 3716 petere,
