2652 4198
437 185 512 238 nrvr
536 183 684 236 runnu.
810 201 811 204 κ
997 165 1043 236 85

80 334 184 408 ‘lieris
205 361 274 409 non
299 343 409 428 potest
431 337 677 407 communicare
698 342 869 419 creaturae,
894 341 932 405 ut
952 352 1085 404 conser-

82 435 162 497 vetur
182 433 217 498 in
239 451 333 516 esee,
353 451 412 498 sua
435 433 564 497 actione
586 433 750 511 cessante3
780 429 865 494 sicut
887 449 955 496 uon
980 431 1086 511 potent

83 519 106 585 ei
125 523 376 603 communicare,
399 524 489 607 quod
513 539 581 587 non
604 521 646 585 sit
669 539 766 586 causa
790 519 886 586 illius.
910 519 991 587 ltem
1006 538 1086 587 con·

83 614 204 680 arretio
231 631 349 679 rerum
373 633 392 678 a
415 612 481 678 Deo
505 629 573 678 non
598 613 647 675 est
670 627 730 693 per
753 629 875 676 novem
903 610 1084 691 actionem,

82 703 127 768 sed
150 721 207 786 per
229 701 518 770 continuationem
543 700 697 779 actionis,
725 719 799 784 quae
822 702 879 766 dat
902 719 986 781 eece,
1010 719 1085 786 quac

83 795 120 856 oct
137 794 201 860 sine
225 799 330 874 motu,
355 798 388 859 et
412 799 570 875 tempore.

68 881 120 946 lrt.
139 883 166 950 2.
194 883 242 951 Aa
272 885 358 951 Deos
381 884 551 950 immediata
577 901 694 951 omnem
722 889 893 948 creaturam
921 891 1084 950 comoroet.

85 973 112 1055 rt.
130 974 250 1059 llliquas
274 975 509 1041 conservatio
534 979 692 1039 escotum
717 972 888 1051 indirecte,
906 989 1010 1064 guam
1034 971 1085 1038 di‘·

83 1065 156 1128 recte
184 1063 410 1131 mediantibus
444 1065 550 1132 causis
580 1063 758 1147 aliquibus3
790 1062 875 1128 sicut
898 1063 1003 1128 cidem
1028 1059 1085 1127 dat

83 1171 136 1218 esse
160 1154 323 1221 indirecte
354 1171 412 1238 per
439 1173 550 1220 causas
580 1153 796 1236 impedientes
819 1152 1083 1234 corruptionem,

83 1245 112 1306 ut
130 1245 169 1309 sal
191 1249 347 1329 respectu
369 1244 538 1309 carnium:
564 1245 689 1308 directe
712 1244 847 1326 quando
870 1242 979 1326 aliqua
994 1259 1085 1308 crea·

83 1335 143 1398 tura
162 1337 347 1401 secundum
370 1353 468 1400 suum
492 1353 559 1402 esse
583 1335 706 1416 pendet
728 1334 771 1397 ab
794 1331 848 1396 illa
871 1350 985 1399 causa:
1009 1332 1085 1398 licet

83 1420 151 1488 Deus
176 1425 386 1504 immediate,
411 1429 521 1490 tamen
546 1425 721 1488 conservat
745 1422 887 1486 mediate
905 1423 962 1488 sed
994 1422 1084 1488 nulla

84 1512 316 1601 cinamomo
341 1515 431 1580 nulla
455 1518 504 1579 cat
527 1531 624 1579 eausa
648 1512 699 1576 sui
724 1512 834 1594 ipsius,
857 1513 915 1577 oed
939 1510 1083 1576 alterius.

68 1597 119 1670 lrt.
148 1605 176 1672 3.
209 1607 260 1671 Aa
296 1605 380 1671 neos
415 1608 512 1688 possit
545 1602 663 1686 aliquid
700 1604 735 1668 io
768 1602 901 1668 cilliam
938 1599 1083 1692 rodipcrc.

85 1692 111 1775 ll.
129 1693 227 1760 Potest
250 1697 381 1773 omnia,
406 1697 483 1778 quia
507 1698 613 1777 potest
641 1691 687 1758 cis
723 1712 790 1758 non
825 1691 964 1757 induere
997 1709 1082 1769 essm

84 1787 108 1845 ct
125 1783 165 1851 sic
185 1785 379 1851 desinerent
402 1804 479 1850 csse.

84 1872 181 1940 'Boos
204 1896 263 1959 per
286 1895 323 1940 se
347 1894 415 1941 nou
441 1877 548 1958 potest
571 1891 640 1938 csse
662 1891 759 1938 causa
784 1869 944 1936 tendendi
961 1870 995 1934 in
1013 1887 1081 1939 non

83 1981 144 2042 esse,
154 1967 208 2031 scd
220 1969 285 2031 hoc
297 1968 397 2031 habet
408 1969 558 2030 creatura
571 1983 612 2028 ex
627 1963 742 2046 seipsa,
758 1963 835 2046 quia
851 1967 952 2026 estex
968 1958 1082 2038 nihilo,

83 2055 127 2117 sed
145 2055 226 2121 Deus
251 2075 312 2140 per
335 2054 486 2121 accidens
508 2055 735 2121 subtrahendo
758 2070 850 2117 suam
874 2049 1048 2116 actionem.

68 2141 118 2209 lrl.
139 2143 165 2210 l.
189 2146 239 2212 Aa
263 2146 382 2230 aliquid
404 2147 438 2211 ia
461 2145 594 2211 trititiam
621 2143 790 2227 redipotur.
824 2142 858 2225 ri.
889 2140 976 2219 Non,
1005 2137 1083 2224 quia
1143 2221 1150 2232 .

84 2253 130 2300 ucc
150 2239 354 2316 naturaliter,
374 2255 437 2303 nec
459 2235 575 2301 divina
600 2234 729 2300 bonitas
753 2235 814 2299 hoc
836 2229 923 2297 lacit.

426 2412 605 2501 oduario
628 2411 688 2483 CV.

117 2597 197 2666 Do
220 2600 570 2757 mutationss
586 2565 1022 2667 creaturarum

459 2708 492 2756 a
573 2706 663 2756 en.

71 2859 119 2932 lrt
141 2868 166 2938 l.
187 2872 238 2941 Ao
267 2867 351 2964 Deru
381 2873 483 2963 possit
511 2865 681 2939 immediate
713 2885 830 2936 macera
857 2859 1017 2934 materiam
1045 2861 1085 2928 od

86 2955 202 3033 tomam.
238 2964 274 3048 ri.
309 2963 378 3044 Sic,
408 2959 489 3049 quid
512 2968 617 3050 potest
641 2961 801 3028 reducere
824 2959 867 3026 ad
890 2960 1000 3023 actum
1025 2972 1081 3039 po·

84 3047 198 3122 entiam
222 3049 396 3140 passivam.
1149 3069 1152 3076 ·

83 3131 207 3234 {togati
230 3151 265 3211 ct
292 3145 459 3212 daemones
488 3146 671 3228 operantur
702 3140 790 3208 circa
824 3136 982 3216 visibilia,
1012 3155 1080 3204 nou

84 3234 284 3312 rapinando
307 3235 439 3312 lormas,
461 3237 518 3301 sed
543 3232 732 3300 adhibendo
746 3229 870 3296 semina
888 3227 1080 3311 corporalia.

69 3307 118 3418 lrl.
136 3319 165 3404 2,
188 3329 237 3394 Ao
261 3325 343 3394 Deru
363 3328 462 3410 poscit
483 3324 651 3392 immediate
675 3341 790 3389 mouere
820 3317 944 3405 aliquod
964 3333 1081 3400 corpor.

87 3419 113 3485 a„
136 3410 199 3494 Sic,
226 3419 449 3502 quodcunque
472 3433 608 3500 corpus,
631 3413 814 3479 secundum
838 3421 1081 3496 quemcumque

85 3503 200 3570 uotum.
224 3506 313 3586 Nota,
337 3503 423 3574 Deus
446 3510 558 3572 movet
580 3508 766 3570 creaturam
794 3518 862 3567 noo
888 3517 947 3584 per
969 3499 1082 3562 conta·

85 3587 158 3688 llum
178 3590 393 3682 corporalem,
416 3597 473 3663 sed
495 3595 716 3680 spiritualem,
743 3593 800 3658 aed
824 3590 893 3673 ipae
916 3607 984 3654 non
1008 3589 1081 3651 tan·

86 3681 157 3756 plor
177 3690 385 3766 dematura,
415 3692 448 3753 et
470 3685 546 3753 licet
568 3684 674 3749 virtus
700 3682 759 3748 Dei
783 3697 920 3746 movens
941 3677 984 3742 sit
1007 3674 1081 3740 inli-

86 3764 158 3868 ssjla,
174 3767 295 3850 ‘tamin
323 3779 483 3862 ‘operatur
512 3775 548 3850 ln
578 3773 749 3842 ellectihus
778 3768 963 3837 secundum
990 3762 1080 3850 quod

85 3869 118 3922 0¹⁸
136 3867 298 3951 convenit,
321 3869 355 3936 et
375 3867 422 3936 cio
444 3887 513 3936 non
537 3866 572 3932 in
597 3863 744 3931 instanti.
