2652 4198
232 79 277 150 88
545 95 591 149 ux
613 94 725 150 nens
748 93 868 149 escon

542 333 743 432 :Qlldss'llO
766 339 853 417 clu.

230 527 324 599 De
346 527 761 644 looueionibus
786 529 1188 610 Angelorum·

184 704 252 777 Art.
277 706 306 775 l.
329 706 379 800 Ao
400 728 480 777 coos
502 705 636 798 Anystus
659 709 752 799 clusi
774 707 928 797 loquetur.
953 709 989 795 ιι.
1010 706 1072 792 Sic,
1088 709 1124 793 et
1136 704 1239 791 loqui

205 801 254 864 est
275 803 472 884 conceptum
497 801 618 866 mentis
646 797 740 866 ultori
758 798 977 878 manifestare,
992 802 1025 864 et
1039 797 1078 864 lit
1092 796 1238 882 quando

205 889 359 956 voluntas
387 889 499 974 lngeli
528 891 601 954 vult
630 892 668 955 ut
697 894 876 982 conceptus
897 907 965 956 suec
989 885 1109 954 mentis
1131 886 1237 953 elteri
1302 849 1305 938 i

203 979 444 1058 manilestetur,
468 983 502 1043 et
515 979 625 1044 statim
642 979 863 1064 cognoscitur,
880 997 947 1046 non
964 979 1012 1046 sic
1028 981 1063 1044 in
1080 973 1235 1055 homine,

204 1069 282 1153 quin
316 1087 375 1152 pcc
408 1085 522 1134 sensus
556 1068 752 1151 explicatur.
784 1069 864 1134 ltem
894 1067 1017 1135 locutio
1041 1064 1155 1151 Angoli
1180 1071 1238 1133 eet
1285 1067 1297 1082 '

202 1157 359 1310 {nteeion
389 1161 424 1223 et
445 1177 514 1250 non
536 1159 658 1227 sullicit
680 1159 772 1246 quod
795 1157 977 1244 concipiat,
1004 1157 1063 1224 sed
1086 1159 1125 1223 ut
1146 1155 1237 1223 velit
1307 1183 1309 1264 ι

216 1265 304 1332 oqui.

180 1334 248 1404 Art.
271 1337 303 1406 2.
327 1335 377 1405 Ao
398 1339 532 1422 inferior
554 1337 687 1422 Aopclos
714 1339 882 1424 superiori·
897 1338 1052 1424 loquutur.
1088 1337 1123 1422 ιι.
1148 1334 1234 1418 Sic,
1310 1376 1311 1404 ι

203 1425 279 1510 quio
304 1431 410 1510 potest
433 1428 642 1495 manifestare
665 1450 761 1497 suum
784 1435 996 1513 conceptum,
1020 1425 1098 1516 qnia
1116 1427 1234 1500 omnis
1311 1461 1312 1474 ι

202 1515 540 1604 illuminatiodngeli
565 1523 614 1585 cst
637 1519 775 1598 locutio,
798 1521 857 1587 sed
880 1537 948 1586 non
972 1518 1081 1585 omnis
1103 1516 1233 1584 locutio

203 1611 251 1672 est
274 1606 486 1687 illuminatio,
509 1629 583 1694 quae
606 1610 789 1693 pendente
812 1609 880 1675 lleo
908 1613 1068 1694 tunquam
1091 1627 1111 1673 a
1133 1606 1234 1690 poin-

201 1696 304 1779 cipio,
339 1698 468 1764 ratione
503 1701 596 1784 eujus
630 1697 731 1784 aliqui
758 1698 919 1767 dicuntur
951 1697 1153 1783 superiores,
1192 1700 1231 1763 et

201 1785 276 1853 ideo
299 1787 362 1853 illis
385 1789 541 1871 competit
565 1788 772 1856 illuminatio.

177 1874 246 1946 Art.
271 1878 303 1955 3,
325 1877 375 1946 Αιι
396 1876 530 1964 Aopclus
553 1879 615 1947 Deo
641 1881 790 1964 loquutur.
828 1880 863 1964 ιι.
898 1878 966 1960 Sic,
996 1881 1036 1963 ιιιΙ
1057 1875 1182 1963 aliquid
1208 1897 1231 1946 a

199 1967 266 2034 Deo
290 1969 438 2054 accipiat,
462 1971 514 2034 vel
538 1974 575 2036 ut
599 1971 762 2036 consultet
784 1965 934 2036 divinam
959 1967 1166 2036 voluntatem
1180 1967 1229 2034 de

199 2059 350 2143 agendis,
382 2061 433 2123 vel
457 2057 654 2126 admirando
681 2062 751 2143 ejus
779 2062 936 2125 mentem.
963 2058 1034 2125 Non
1059 2055 1227 2142 loquitur,

200 2153 238 2214 ut
259 2147 327 2214 Deo
349 2146 474 2232 aliquid
498 2148 693 2225 manifestet,
716 2148 775 2213 sed
797 2152 836 2214 ut
857 2149 972 2215 discut.
997 2148 1078 2214 ltem
1092 2163 1228 2231 semper

196 2238 382 2322 loquuntur
405 2255 481 2303 eum
505 2236 572 2303 Deo
596 2238 768 2305 laudantes
791 2237 910 2324 ipsum,
933 2239 991 2306 sed
1008 2257 1077 2327 non
1092 2253 1227 2324 semper

198 2325 407 2394 consulentes
428 2327 472 2391 de
494 2324 639 2414 agendis.

174 2415 244 2486 Art.
267 2417 299 2484 l.
322 2415 372 2484 Αιι
396 2411 500 2486 lo'csllo
525 2417 674 2486 distamen
696 2420 732 2486 iu
761 2419 911 2487 locutione
948 2418 1097 2505 Aspelica
1124 2433 1227 2503 opole-

199 2515 252 2576 tur
282 2508 407 2608 aliquid.
438 2511 474 2600 ιι.
503 2508 590 2588 Non,
620 2509 698 2593 quia
728 2508 963 2578 intellectualis·
989 2510 1139 2594 operntlo
1163 2509 1226 2576 ub·

195 2599 315 2664 strahit
337 2619 356 2664 a
378 2597 460 2675 loco,
483 2601 517 2664 et
540 2602 699 2681 tempore.

175 2685 244 2757 Art.
264 2687 298 2755 5.
323 2689 375 2754 Ao
396 2705 464 2756 oum
486 2707 567 2756 unos
589 2688 726 2774 loquitur
747 2690 822 2773 coi,
852 2705 953 2777 cusu
972 2690 1149 2777 percipiam
1176 2687 1222 2757 lo·

196 2780 357 2847 cottonem.
393 2781 429 2866 ιι.
464 2778 552 2860 Νοιι,
586 2779 664 2866 quio
694 2781 814 2848 locutio
842 2781 1007 2865 pendete
1032 2779 1222 2850 volnnuna

197 2869 410 2956 dispositione
433 2867 609 2955 loquentis.

544 3047 724 3137 Qunsno
747 3048 846 3123 cvlll.

241 3233 333 3301 De
359 3231 746 3303 ordinatione
768 3235 1149 3314 Angelorum

308 3327 646 3394 secundum
672 3326 1080 3396 Hierarohlas

513 3421 576 3482 et
601 3415 896 3504 ordines,

143 3549 146 3556 ,
171 3593 241 3664 Art.
266 3594 295 3663 l.
320 3593 371 3662 As
394 3613 494 3663 omnes
518 3591 630 3680 dotasti
650 3597 717 3663 sint
742 3596 836 3664 unios
861 3595 1051 3666 linarolis.
1082 3595 1119 3681 ιι.
1147 3591 1213 3664 An·

193 3685 255 3768 geli
279 3704 354 3752 cnm
378 3685 568 3788 hominibus
592 3707 659 3754 non
682 3689 762 3755 sunt
786 3685 884 3755 unius
907 3685 1111 3766 hierarchice,
1134 3683 1213 3772 quio
