2652 4198
437 147 510 200 mvl
535 145 682 200 THOMAE.

416 391 595 478 Qltusllo
617 392 692 462 clx.

184 577 282 641 De
305 575 525 651 ordine
549 578 927 658 Angelorum

397 671 717 736 malorum.

52 839 106 910 lrl.
127 842 155 912 l.
183 843 235 912 Ao
265 849 334 914 rint
366 847 487 914 ordiner
521 850 556 912 to
590 845 783 916 munitlun.
821 847 856 931 lt.
891 844 1080 915 &eundum

68 934 281 1002 conditionem
306 942 435 1004 naturae
458 939 568 1004 adhue
589 943 669 1004 sunt
691 938 727 1002 in
751 935 937 1014 ordinibus,
956 938 1014 1002 sod
1029 955 1079 1002 se·

68 1025 200 1092 eundum
223 1031 350 1092 statum
373 1028 488 1111 gratioe
512 1028 722 1110 imperfecte,
750 1031 784 1092 et
809 1026 986 1094 meritorie
1009 1027 1080 1094 lue·

69 1117 151 1192 runt,
173 1119 207 1179 et
231 1137 302 1182 non
325 1122 422 1196 sunt3
445 1119 503 1184 sed
525 1118 711 1184 seeundum
734 1119 858 1183 statum
882 1117 995 1202 glorio
1018 1135 1081 1182 neo

71 1208 145 1280 sunt,
166 1223 230 1270 neo
254 1225 405 1290 unquam
428 1207 577 1272 luerunt.

54 1287 106 1357 lrt.
123 1291 152 1357 3.
173 1293 223 1362 Ao
248 1299 287 1362 io
309 1295 492 1365 domnellus
514 1301 557 1363 sit
578 1297 730 1380 protetio.
756 1299 792 1382 rt.
814 1295 878 1376 Sic,
902 1293 980 1381 quia
995 1293 1080 1368 aetio

70 1383 202 1466 sequitur
226 1391 395 1467 naturum,
419 1394 452 1452 et
475 1387 521 1452 sie
544 1406 660 1452 eorum
684 1387 830 1455 actiones
845 1390 946 1454 erunt
961 1387 1079 1452 subor-

71 1469 295 1627 dinatae·tsiout
316 1475 470 1556 naturae,
501 1496 571 1564 neu
593 1476 679 1542 Deus
702 1476 829 1561 aliquid
851 1474 1080 1543 inordinatum

72 1578 101 1623 re
112 1581 196 1647 inqui
214 1611 222 1628 .

73 1649 244 1720 'Praelatio
277 1655 468 1724 doemonum
499 1656 660 1723 tundatur
695 1673 795 1740 super
826 1653 989 1740 justitiam
1022 1652 1081 1718 Dei
1178 1712 1180 1716 .

74 1745 174 1807 euneta
203 1743 403 1812 ordinantis.
433 1747 514 1812 ltem
544 1746 722 1812 eoncordia
752 1747 963 1824 dromonum,
991 1743 1082 1827 quod

73 1829 188 1912 quidam
222 1835 299 1900 eliis
332 1835 506 1916 obediant,
536 1855 605 1902 non
636 1839 685 1901 est
709 1855 750 1901 ex
769 1833 934 1924 ,amicitim
958 1834 1016 1900 sed
1038 1851 1080 1896 ex

74 1924 224 1990 communi
249 1924 414 2008 nequitia,
445 1930 478 1990 et
501 1925 577 1990 odio
600 1929 717 1992 eontra
741 1923 907 2002 homines,
932 1924 965 1986 et
985 1917 1082 2007 justi·
1175 1959 1176 1964 =

75 2008 138 2076 tiam
169 2013 243 2093 θείς
281 2017 370 2098 quod
397 2013 501 2100 aliqui
531 2015 684 2098 praesint,
714 2033 782 2080 non
814 2017 863 2080 est
886 2011 929 2078 ad
953 2011 1082 2078 bonum

75 2095 219 2183 imorum
251 2123 329 2170 oum
361 2103 395 2172 in
427 2104 520 2170 malis
550 2122 688 2186 proeesse
719 2103 761 2172 sit
792 2102 894 2187 magis
925 2099 1082 2168 miserum
1213 2197 1216 2203 .

76 2207 137 2256 me.

61 2273 111 2348 ln
129 2279 157 2350 3.
179 2281 231 2352 An
254 2287 292 2351 in
314 2283 497 2354 moritus
520 2286 565 2351 rit
578 2285 780 2352 illuminatio.
798 2285 833 2368 rt.
849 2280 986 2366 Proprie
1002 2299 1082 2360 non,

76 2370 143 2452 nia-
158 2393 226 2440 non
251 2381 456 2460 purgantur,
481 2379 515 2440 et
537 2374 614 2459 quia
638 2373 838 2442 illuminatio
867 2377 917 2438 est
943 2371 1083 2446 manife-

77 2461 156 2530 statio
176 2464 329 2531 veritatis
351 2465 387 2530 in
411 2465 530 2532 ordine
553 2467 596 2532 ad
619 2463 736 2544 Deum,
758 2464 817 2531 sed
833 2461 895 2546 ipsi
910 2461 1085 2529 abduount

79 2549 182 2634 elleo;
205 2555 266 2621 sed
289 2558 338 2622 est
360 2553 497 2634 locutio,
527 2553 605 2640 quia
639 2573 727 2620 unus
761 2551 858 2620 alteri
892 2548 1084 2619 manifestat

65 2647 345 2802 Aooigophunmbosxn
349 2663 467 2818 1{urolt
489 2733 620 2804 taleam
638 2735 850 2820 prolationem
869 2749 963 2836 supro
977 2730 1083 2800 motos.

82 2818 187 2973 ftiSio,
210 2831 245 2890 et
268 2844 322 2891 eos
346 2830 483 2910 regunt,
513 2826 591 2910 quia
619 2827 699 2891 sunt
722 2823 977 2909 propinquiores
999 2821 1084 2900 Deo,

82 2923 89 2968 1
125 2917 177 2993 est,
201 2915 301 2982 boeti.

82 2995 208 3087 'lngeli
233 3005 343 3090 aliqua
366 3004 482 3072 divina
505 3004 664 3090 mysteria
687 3001 839 3070 revelent
866 2999 1084 3082 daemonibus,
1201 3027 1205 3032 ·

83 3088 145 3172 quie
162 3093 290 3177 justitia
319 3089 381 3160 Dei
401 3096 474 3160 vult
504 3101 541 3161 ut
565 3115 624 3180 per
654 3093 822 3160 daemones
849 3093 958 3177 aliqua
986 3093 1086 3170 liant,

83 3179 122 3242 rel
142 3185 180 3248 ed
202 3183 415 3272 punitionem
439 3186 618 3264 melorum,
649 3185 701 3250 vel
732 3185 775 3250 ad
801 3180 997 3250 exercitium
1029 3183 1086 3251 bo·

84 3283 195 3338 norum.
220 3273 300 3340 ltem
324 3277 375 3340 hae
391 3273 610 3340 revelationes
626 3277 777 3357 respectu
792 3271 992 3358 Angelorum
1005 3273 1087 3336 suut
1187 3333 1196 3348 ,

85 3351 338 3445 illuminationes,
367 3363 445 3448 quie
474 3368 508 3430 et
530 3363 691 3431 ordinent
713 3363 756 3430 ad
778 3359 900 3439 Deum,
932 3361 991 3428 sed
1014 3377 1086 3426 non

85 3453 440 3610 iiegffimdaemonum’
463 3453 522 3538 qui
545 3472 598 3520 eas
621 3452 780 3522 ordinant
808 3451 851 3522 ad
873 3447 1087 3538 iniquitatem
