2636 4202
11 90 14 100 ¹
94 91 96 96 ¹
216 115 261 188 36
526 133 572 187 nx
596 132 711 186 anino
733 131 853 186 ronan

532 305 710 430 panario
732 343 852 415 mlxv.

488 527 579 592 De
604 526 893 606 Imagine.

170 707 239 776 Art.
266 705 296 773 l.-
318 704 369 774 An
392 707 492 791 ionopo
515 707 550 772 io
572 704 687 773 divinis
709 704 832 772 ‹liootor
851 706 1064 790 pationtiae.
1093 708 1129 791 ri.
1151 705 1221 790 Sic,

192 797 270 882 quia
291 816 334 862 ox
356 797 419 863 alio
443 795 591 880 procedit
612 796 643 862 ei
665 793 791 873 similis,
811 800 843 861 ot
859 796 894 861 in
911 795 978 864 Deo
993 801 1043 863 est
1061 815 1219 881 pomona.
1313 824 1314 840 ¹

192 882 477 972 ltem'improprie
500 886 624 952 dieitur
647 886 754 971 imago
777 883 965 966 Trinitatis,
988 887 1031 954 ad
1053 889 1150 971 ouius
1174 886 1222 953 si·

192 975 416 1042 militudinem
439 974 517 1042 inoti
539 993 663 1042 sumns.

172 1065 241 1135 Art.
264 1064 297 1132 2.
319 1065 372 1133 Aa
394 1085 504 1134 annun
535 1067 681 1150 inopinis
709 1067 754 1132 ott
778 1068 938 1149 proprium
967 1067 1055 1134 litii.
1087 1066 1122 1150 ri.
1147 1063 1220 1144 Sie,

192 1154 396 1222 lieetflraeoi
422 1155 535 1223 dicant
564 1155 725 1240 Spiritum
752 1154 909 1222 Sanotnm
938 1175 1007 1224 mse
1035 1155 1222 1242 imoginem

192 1243 308 1325 Patris,
329 1248 363 1310 et
385 1245 468 1324 lilii,
491 1246 582 1329 quod
605 1265 674 1314 non
698 1245 871 1317 invenitur
894 1244 930 1313 in
952 1244 1135 1332 Scriptura,
1150 1264 1223 1312 neo

160 1381 162 1384 -
193 1333 343 1419 procedit
362 1337 404 1401 ‘ut
425 1333 587 1404 Verbum.

497 1512 676 1599 QUAESTlO
699 1513 835 1583 llllillll.

215 1695 308 1762 De
332 1697 614 1766 Persona
640 1696 913 1778 spiritus
937 1695 1169 1766 Sancti.

173 1871 243 1942 Art.
268 1875 298 1944 l.
321 1873 371 1943 An
394 1879 448 1944 loo
476 1895 585 1944 oooion
608 1877 744 1960 Spiritus
766 1875 875 1944 Soooti
902 1877 948 1962 rit
971 1878 1131 1960 propriori
1158 1877 1223 1944 oti·

193 1968 280 2049 oojoo
300 1985 436 2050 portorio
459 1967 581 2035 divion.
605 1969 641 2050 ri.
662 1965 726 2040 Sio,
744 1966 822 2052 quia
838 1965 986 2049 procedit
1002 1984 1061 2050 per
1077 1965 1222 2054 modum

196 2055 333 2134 amoris,
363 2057 420 2142 qui
453 2058 587 2141 proprie
618 2055 774 2140 impellit,
803 2059 836 2120 et
865 2058 976 2120 movet
1009 2055 1223 2123 voluntatem

194 2143 334 2211 amantis
356 2145 392 2210 in
416 2151 572 2223 amatum,
589 2144 664 2209 lioot
688 2146 750 2210 hoo
766 2162 899 2223 nomen,
918 2164 960 2209 ex
982 2164 1016 2211 se
1039 2144 1223 2212 conveniat

194 2235 300 2301 tribus
324 2235 492 2318 personis,
511 2234 648 2321 quando
667 2233 812 2300 sumitur
834 2251 894 2317 pro
918 2235 1047 2301 duabus
1062 2233 1225 2304 dictioni·

194 2326 266 2403 bus,
291 2324 349 2389 sed
372 2325 506 2407 quando
530 2343 589 2408 pro
613 2342 690 2400 nna,
715 2323 849 2406 ponitur
873 2342 933 2405 pro
960 2323 1109 2390 relativo,

120 2453 124 2458 ·
172 2412 240 2481 Art.
264 2414 295 2480 2.
319 2412 370 2480 Ao
392 2413 527 2497 Spiritus
545 2414 674 2482 Sonotan
693 2413 838 2496 procedat
858 2433 877 2480 o
894 2413 988 2481 litio.
1006 2415 1042 2498 ri.
1057 2412 1119 2492 Sio,
1134 2413 1222 2498 quia

194 2504 410 2657 gistinguitur
426 2505 639 2588 personaliter
655 2521 715 2588 per
730 2503 904 2570 relationes
919 2504 1083 2587 oppositas
1095 2508 1221 2573 eontra

223 2613 332 2659 raeoos.

172 2681 240 2752 Art.
265 2683 295 2751 3.
319 2681 368 2751 An
391 2683 526 2768 Spiritus
549 2683 678 2751 sonem
694 2682 837 2767 procedat
857 2704 876 2752 a
898 2684 991 2752 Patre
1010 2703 1066 2768 por
1087 2683 1220 2754 Filium.

195 2774 232 2855 ri.
254 2773 315 2851 Sio,
340 2773 417 2858 qnia
441 2774 539 2840 Filius
562 2776 695 2840 habeta
718 2772 824 2853 Patre,
848 2775 937 2859 quod
955 2777 997 2841 ab
1012 2794 1052 2840 oo
1068 2776 1220 2858 prooedit

193 2861 340 2951 Spiritm
356 2863 508 2944 Sennium
533 2882 612 2949 ergo
635 2883 694 2948 per
716 2881 805 2944 eum,
828 2867 860 2928 et
884 2864 1085 2942 immediate,
1108 2867 1145 2928 ut
1166 2871 1221 2932 est

194 2971 214 3017 a
229 2952 334 3033 Patre,
351 2954 493 3020 mediate
510 2958 547 3020 ut
564 2958 614 3020 est
630 2974 648 3020 a
664 2952 754 3030 Filio,
770 2958 803 3019 et
818 2957 968 3037 respectu
985 2953 1128 3032 virtutis,
1145 2968 1217 3024 non

195 3044 244 3106 eat
268 3039 422 3122 medium,
439 3044 517 3128 quia
539 3048 678 3110 estnon
700 3042 809 3110 virtus
830 3043 968 3127 spirans,
984 3045 1041 3110 sed
1065 3049 1219 3128 roepeotu

195 3149 421 3214 personarum,
444 3134 501 3199 soal
524 3134 694 3217 aeqoalitor
715 3133 757 3200 ab
780 3136 931 3218 utroque,
959 3153 1020 3200 neo
1043 3132 1144 3200 Filius
1166 3140 1218 3202 esi

170 3219 287 3303 ‘prius
309 3223 434 3306 Spiritu
463 3223 598 3303 Sancto,
632 3225 690 3289 sed
720 3241 834 3289 omnes
862 3223 1033 3300 ooaeterni,
1063 3227 1097 3288 et
1124 3222 1218 3292 inter

194 3309 323 3377 Patrem
347 3316 380 3377 et
404 3312 530 3391 Filium,
555 3331 621 3379 non
646 3315 694 3378 est
717 3312 799 3377 ordo
822 3311 965 3395 virtutis,
987 3313 1045 3379 sed
1067 3314 1217 3398 supposi-

195 3402 317 3480 torum,
341 3405 374 3466 et
396 3401 443 3467 sio
466 3402 564 3468 Filius
585 3422 656 3471 non
681 3421 739 3485 per
761 3400 902 3467 Patrem.

173 3487 240 3558 Art.
264 3489 296 3558 ll.
319 3489 369 3557 Ao
390 3491 482 3558 Potor
504 3499 535 3558 et
555 3493 657 3559 Filios
679 3494 745 3558 sint
771 3509 867 3560 orium
892 3494 1083 3578 principium
1114 3491 1216 3576 Spiri-

196 3585 244 3646 tus
266 3581 443 3665 Sanctisri.
466 3579 527 3662 Sio,
551 3581 629 3668 quia
651 3580 686 3648 in
709 3600 778 3648 esse
801 3581 1004 3666 prinoipium
1028 3602 1096 3650 non
1112 3601 1216 3667 oppo-

195 3669 288 3753 nilpr
312 3669 458 3752 relative,
481 3675 514 3737 et
536 3670 586 3746 sio¹
605 3674 639 3737 et
661 3671 766 3738 virtus
788 3671 945 3758 spirativa
971 3674 1021 3739 est
1044 3691 1128 3754 una,
1154 3675 1215 3742 sed
