2608 4220
475 81 550 132 n1v1
571 77 716 133 uncum.
1006 63 1101 176 533..

466 299 633 388 consuo
657 301 718 372 nv.

143 487 236 558 De
258 482 696 570 impedimento
722 483 1053 559 affinitatis,

66 667 141 736 Art
166 664 197 736 i.
218 663 269 734 Aa
290 684 329 732 ex
351 663 550 730 matimonio
572 663 796 748 conscapniaci
816 666 1117 750 moturemoture.

91 759 130 842 rt.
154 755 220 838 Sic,
242 755 320 841 quia
342 753 396 819 vir
419 756 453 818 et
475 771 561 819 uxor
583 753 670 818 fiunt
705 771 771 818 una
795 771 887 833 caro,
918 773 998 842 ergo
1030 755 1115 824 sicut

89 845 147 912 vir
168 844 352 914 secundum
375 861 511 910 carnem
540 839 658 908 attinet
689 841 843 908 omnibus
869 843 939 910 suis
971 863 1112 913 consan-

90 936 222 1021 guiues,
243 933 291 1001 sic
312 933 382 999 cius
404 949 491 998 uxor
513 929 668 998 attinebit
691 929 813 997 eisdem
836 935 870 998 et
892 936 1018 1002 contra.

66 1024 139 1095 Art.
162 1024 195 1092 2.
217 1023 268 1092 Aa
289 1025 427 1108 affinitas
448 1029 571 1089 amasai
586 1027 659 1107 post
678 1025 803 1088 marom
836 1023 902 1090 oiri
921 1024 970 1091 act
994 1029 1113 1093 moris.

92 1117 131 1200 rt.
155 1113 217 1194 Sic,
240 1112 318 1200 quia
340 1109 482 1179 affinitas
504 1115 658 1177 causatur
680 1129 721 1177 ex
744 1112 1040 1198 consanguinitate,
1056 1117 1113 1180 scd

90 1206 143 1270 est
166 1207 364 1290 perpetuum
387 1200 559 1269 vinculum
575 1199 724 1286 quandin
748 1219 896 1286 personae
919 1201 1041 1272 vivunt
1063 1203 1115 1270 iu·

90 1297 146 1360 ter
168 1312 248 1380 quas
270 1295 319 1359 est
340 1291 493 1357 affinitas.

69 1381 151 1452 Art.
175 1381 207 1452 3.
228 1381 279 1450 Aa
301 1379 431 1448 illicitas
452 1379 629 1449 conectitur
650 1385 754 1448 conset
774 1379 967 1466 asperitatem.
992 1383 1029 1468 rt.
1052 1379 1117 1462 Sic,

93 1473 176 1558 quia
198 1474 298 1540 habet
320 1469 445 1556 aliquid
468 1471 510 1538 de
539 1469 664 1536 cernaii
698 1471 939 1551 comunctione,
974 1476 1008 1538 et
1036 1474 1114 1558 quia

88 1561 252 1630 acoedens
273 1561 317 1628 ad
332 1559 541 1628 meretricem
553 1559 591 1624 fit
606 1576 712 1625 uuum
727 1579 855 1644 corpus,
874 1561 904 1641 i,
921 1561 1070 1642 Corinth,
1084 1564 1116 1641 6,

90 1654 126 1717 et
149 1651 228 1736 quia
250 1650 286 1717 in
309 1669 348 1716 eo
370 1652 420 1716 est
442 1648 523 1734 quid
539 1649 689 1718 naturale
704 1667 882 1716 commune
904 1649 1114 1718 fornicationi

91 1743 127 1806 et
151 1739 376 1808 matrimonio.
409 1735 500 1817 item,
524 1755 565 1805 ex
593 1737 774 1806 concubitu
807 1742 924 1807 contra
958 1746 1112 1807 naturam

91 1850 163 1897 non
186 1833 341 1897 causatur
363 1827 516 1909 affinitas,
539 1827 616 1914 quia
639 1847 708 1896 nou
732 1832 781 1896 est
807 1829 992 1897 commistio
1018 1831 1113 1896 semi-

90 1920 145 1986 nis
168 1921 212 1988 ad
234 1920 372 2004 prolem.

66 2009 138 2078 Art.
162 2008 195 2079 i.
217 2007 267 2077 Aa
289 2027 329 2077 aa
350 2005 540 2094 sponsalibus
561 2013 704 2075 consetur
726 2009 876 2094 affinitas.
912 2010 947 2095 rt.
979 2007 1115 2094 Proprie

90 2118 173 2177 non,
196 2099 255 2166 sed
277 2101 430 2166 causatur
454 2096 729 2181 impedimentum
752 2097 885 2166 institiae
901 2097 1041 2184 publicae
1058 2103 1116 2164 ho·

94 2187 242 2267 nestatis,
265 2192 299 2253 et
322 2184 462 2270 impedit
483 2191 522 2251 ut
544 2185 696 2254 affinitas.

89 2275 215 2344 ‘Licet
236 2275 400 2362 sponsalia
421 2275 603 2358 solvantur,
627 2281 739 2345 tamen
763 2297 831 2346 non
857 2277 986 2343 tollitur
1011 2278 1116 2362 impe·

90 2367 281 2433 dimentum
302 2365 442 2452 publicae
466 2365 654 2446 honestatis,
679 2371 713 2432 et
735 2367 884 2434 nascitur
898 2367 1017 2434 exsota
1036 2386 1113 2451 pro-

90 2455 248 2523 missione
281 2457 324 2522 de
357 2456 491 2533 tuturo,
514 2455 600 2522 sicut
626 2456 768 2523 affinitas
803 2456 837 2522 in
871 2461 1046 2523 contractu
1070 2459 1113 2524 de

92 2545 260 2632 praesenti.
283 2544 378 2624 Item,
399 2542 427 2609 si
449 2546 611 2628 sponsalia
638 2549 746 2612 essent
762 2547 855 2613 nulla
870 2566 911 2612 ex
926 2545 1036 2632 aliquo
1052 2547 1115 2612 im·

92 2634 306 2720 pedimento,
329 2654 398 2702 non
422 2633 570 2702 nascitur
591 2635 867 2722 impedimentum
891 2635 1031 2721 publicae
1055 2639 1113 2704 ho·

91 2724 238 2792 nestatis.

62 2813 138 2884 Art.
161 2814 194 2883 a.
217 2813 269 2880 Aa
291 2814 429 2898 affinitas
451 2815 497 2880 sit
515 2832 607 2882 causa
628 2817 803 2900 affinitatis.
829 2816 864 2899 ri.
894 2813 981 2882 Licet
1008 2834 1113 2902 quon-

91 2905 170 2972 dam
195 2902 295 2968 iuerit
315 2921 423 2984 causa,
447 2922 539 2970 nuuc
561 2923 629 2970 non
653 2908 712 2985 est,
736 2905 837 2972 etsie
860 2925 928 2971 uon
959 2903 1046 2991 parit
1067 2907 1112 2970 ai·
1236 2975 1239 2982 ,

91 2994 267 3060 finitatem.

65 3082 140 3149 Art.
164 3081 197 3151 6.
219 3081 269 3149 Αη-
291 3083 429 3168 csfiaitcs
444 3084 674 3161 matrimonium
690 3082 842 3168 impediat.
866 3086 901 3171 rt.
920 3085 1112 3151 Praecedens

91 3170 242 3256 impedit,
264 3176 298 3237 et
313 3171 449 3252 dirimit,
466 3176 503 3238 ut
518 3173 806 3258 consanguinitas3
821 3176 1023 3259 subsequens
1041 3193 1109 3240 nou

90 3261 220 3327 dirimit
242 3261 502 3329 matrimonium.

64 3349 138 3420 Art.
162 3351 195 3420 7.
217 3349 267 3417 Aa
288 3353 426 3436 affinitas
448 3351 556 3418 tabeat
573 3371 629 3436 per
650 3372 681 3418 se
701 3352 823 3437 prodas.
849 3356 883 3438 rt.
907 3352 969 3418 Per
991 3371 1025 3418 se
1041 3371 1109 3418 nou

90 3441 205 3519 habet,
228 3441 287 3507 sed
310 3441 437 3508 ratione
459 3441 751 3526 consanguinitatis
774 3445 873 3510 habet
900 3443 1053 3520 eosdem,
1078 3449 1111 3507 et

88 3531 138 3596 sic
160 3531 261 3616 quoto
284 3532 389 3615 gradu
404 3530 695 3618 consanguinitatis
710 3533 810 3600 distat
824 3531 887 3611 vir,
911 3535 979 3598 toto
1002 3531 1110 3597 attini-

88 3618 166 3686 tatis
188 3618 288 3688 distat
310 3639 405 3690 uxor.
