2614 4190
241 22 306 106 tii
497 50 543 100 ex
568 35 749 102 su‘ouuun'
763 36 941 103 sueonum

205 172 350 249 uiuitur,
375 168 464 253 quod
488 183 529 232 ex
552 165 621 231 vito
643 164 807 246 sumitur,
832 185 910 235 uam
933 171 996 236 alia
1019 173 1098 236 sunt
1121 170 1250 236 viuum

217 262 400 342 secuudum
425 257 594 343 quandam
618 253 871 323 similitudinem
895 260 937 324 ad
960 260 1079 327 vinum
1102 259 1194 326 vitis.

119 383 120 388 =
209 351 231 394 ἱ*
256 352 292 416 in
317 344 653 423 aestumandis
678 345 759 410 'vino
781 353 953 414 acescente
979 355 1251 426 consecraretur,

216 441 275 506 sed
299 440 461 520 peccaret.
485 435 567 502 item
591 433 626 499 in
652 439 759 500 musto
782 435 838 515 sic,
865 438 899 505 in
925 437 1146 526 agrestinum.

195 531 265 598 Art.
290 529 321 595 6.
346 529 395 612 Aa
421 545 499 609 aquo
520 527 566 590 'sit
584 525 656 590 otoo
677 527 891 612 permiscendo.
917 531 953 608 ri.
981 527 1055 605 Sic,
1090 547 1134 594 ex
1170 529 1253 594 Aic-

211 619 348 686 1xandro
371 615 468 699 Papa,
492 613 551 698 qui
575 613 621 678 ait
643 615 760 680 vinum
784 635 880 702 aqua
903 616 1128 701 permixtum,
1163 620 1252 706 quia

218 708 390 792 probabile
414 708 463 772 est
486 701 652 768 Christum
676 703 723 770 sic
745 704 867 771 iecisse.

194 800 258 864 Art
278 799 310 866 7.
333 797 383 864 Aa
404 795 571 878 permixtio
594 813 688 877 aquae
710 795 754 859 sit
774 795 808 860 dc
831 799 1007 864 necessitutc
1028 798 1118 865 actm
1141 815 1253 864 meru·

207 891 325 955 menti.
348 889 384 972 n.
408 885 489 962 Non,
514 883 591 948 licet
614 885 748 968 quando
771 884 911 966 dicitur,
936 907 1004 952 uon
1036 891 1140 970 potest
1170 887 1254 952 sinc
1298 899 1299 906 ’

209 997 312 1062 aqua,
336 973 533 1058 intelligitur
556 975 666 1057 quoad
688 973 884 1041 decentiam.
910 977 1000 1055 item,
1019 995 1095 1043 cum
1112 977 1253 1042 nonsit

220 1069 262 1133 tie
285 1065 489 1144 necessitate,
512 1061 679 1147 quaelibet
701 1081 796 1147 aqua,
812 1065 909 1131 etiam
926 1065 1115 1144 artificialis,
1131 1071 1253 1150 posset

218 1155 354 1240 apponi,
378 1155 436 1220 scd
459 1156 610 1242 pensaret
632 1153 689 1236 qui
718 1159 914 1236 apponeret,
953 1154 1031 1241 quia
1069 1155 1132 1221 tuit
1162 1173 1251 1221 vera

217 1253 313 1330 aqua,
338 1253 423 1330 quae
447 1241 543 1308 fluxit
566 1253 608 1306 ex
631 1241 745 1321 tatere,
768 1240 826 1309 sed
850 1244 1013 1310 admixtio
1036 1261 1142 1330 aquae
1165 1263 1252 1312 cum

217 1327 323 1402 iarina
347 1340 395 1400 est
418 1331 461 1398 de
484 1330 678 1398 necessitate
700 1334 914 1414 sacramenti,
938 1333 1014 1402 ideo
1036 1335 1137 1401 debet
1173 1354 1250 1401 esse

212 1435 298 1490 ‘vera
320 1442 338 1491 a
364 1441 417 1490 ua.

194 1513 262 1584 Art.
287 1514 318 1581 8.
342 1440 391 1580 tria
414 1531 492 1596 aqna
514 1510 617 1578 debeat
648 1515 760 1596 apponi
788 1517 824 1579 to
851 1533 963 1599 macno
990 1517 1173 1599 quontitate.
1205 1517 1247 1602 ἡ.

217 1605 298 1683 Nou,
323 1603 401 1688 quia
423 1603 522 1668 debet
544 1604 695 1669 converti
730 1602 765 1668 in
804 1603 940 1685 viuum,
974 1608 1008 1670 et
1046 1605 1167 1670 vinum
1206 1606 1246 1670 in

211 1693 434 1778 sanguinem,
458 1691 536 1776 quia
570 1711 639 1757 nou
669 1693 865 1760 adoraretur
898 1699 1004 1760 totum
1043 1694 1248 1760 adoratione

216 1784 344 1863 lutriae;
368 1803 430 1848 nec
452 1783 541 1865 quod
566 1801 650 1866 aqua
672 1788 887 1848 convertatur
911 1787 947 1849 iu
985 1801 1115 1868 aquam,
1154 1803 1247 1868 quae

214 1873 312 1939 fluxit
335 1891 353 1936 a
377 1875 479 1938 latere
503 1870 631 1950 Christi,
655 1871 732 1956 quia
760 1872 807 1937 sic
836 1893 920 1958 aqua
949 1891 1094 1940 scorsum
1125 1893 1246 1940 cousc-

215 1968 367 2028 craretur
389 1983 408 2027 a
431 1961 602 2046 sanguine,
629 1965 665 2026 ut
686 1963 819 2046 sanguis
842 1982 860 2027 a
883 1982 1030 2046 corpore.

217 2051 230 2076 *
254 2053 334 2117 item
357 2052 383 2116 si
406 2063 491 2136 aqua
514 2052 550 2116 in
574 2069 693 2134 magna
716 2051 910 2135 quantitate,
935 2057 973 2118 ut
994 2052 1152 2132 solvetur,
1168 2073 1244 2136 spe·

181 2163 184 2169 ·
216 2141 282 2206 cies
305 2141 387 2220 viui,
412 2160 480 2206 non
505 2145 725 2206 consecratur.
749 2140 831 2206 Item
854 2142 881 2206 si
910 2161 995 2226 aqua
1023 2147 1169 2224 ponatur
1205 2143 1241 2207 iu

216 2231 314 2311 dotio;
339 2249 407 2295 nou
430 2230 634 2314 significatur
656 2230 737 2296 unio
761 2231 907 2297 Ecclesiae
930 2251 1006 2297 oum
1029 2231 1176 2311 Christo,
1209 2238 1242 2298 et

216 2316 264 2386 sic
286 2337 363 2386 cum
387 2324 608 2398 consecratur,
631 2320 753 2386 iterum
777 2322 975 2406 apponenda
998 2325 1082 2388 esset
1104 2341 1202 2407 aqua.

549 2642 733 2730 ouusuo
756 2643 885 2712 uxxru

231 2845 325 2910 De
349 2844 756 2910 conversione
780 2843 1200 2924 panis·otv1n1

194 2954 259 3018 ln
283 2965 511 3032 corpus
530 2957 593 3016 et
609 2951 964 3030 sanguinem
983 2952 1241 3020 Christi.

194 3127 262 3198 Art.
289 3130 318 3198 i.
343 3123 393 3196 Aa
416 3130 451 3195 to
475 3131 530 3196 too
550 3136 737 3196 cananeum
765 3130 810 3195 sit
837 3145 944 3212 corpas
981 3128 1099 3195 Consti
1132 3145 1240 3196 secun·

219 3220 288 3286 dam
310 3222 476 3286 ceritatem.
502 3221 537 3304 ri.
560 3219 621 3297 Sic,
646 3223 680 3283 et
702 3219 910 3304 cognoscitur
943 3219 1011 3284 sota
1040 3219 1128 3298 fide,
1153 3237 1238 3305 quae

217 3310 352 3378 divinae
375 3308 560 3376 auctoritati
583 3309 762 3387 innititur,
787 3312 820 3374 et
848 3307 894 3374 ita
931 3307 1099 3374 convenit.
1132 3307 1237 3388 item,

220 3405 269 3467 ost
291 3398 493 3467 haereticum
516 3398 626 3465 dicere
649 3397 813 3484 contineri
841 3399 946 3464 solum
981 3402 1020 3465 ut
1053 3396 1089 3462 iu
1122 3396 1236 3482 siguo,

218 3483 297 3557 iicet
319 3505 388 3556 uou
412 3488 626 3554 mauduceter
648 3489 683 3555 in
707 3489 861 3555 modoet
886 3487 1012 3572 specie,
1037 3489 1074 3551 ut
1092 3486 1235 3568 ¹videba-

219 3584 277 3646 tur
298 3581 342 3647 ab
362 3576 533 3663 Apostotis,
555 3583 593 3646 ut
615 3579 661 3646 ait
683 3576 816 3666 august
838 3578 932 3659 Imm,
955 3575 1104 3646 Christus
1117 3575 1152 3646 in
1171 3578 1232 3644 hoc
