2608 4220
267 120 335 200 528
579 145 625 196 nx
650 135 914 196 sureaauauro

245 267 330 332 hona
352 285 387 331 se
410 266 533 331 habent
555 264 596 329 ad
621 262 881 343 matrimonium,
899 267 936 328 ut
951 263 1208 330 circumstantiae
1224 265 1265 329 ad

245 357 336 419 actus
359 354 504 419 virtutis.

222 439 289 510 nrt.
313 431 345 510 ἒ.
368 442 417 512 An
433 441 510 510 tono
525 437 717 508 matrimonii
727 436 916 526 sufficienter
930 441 1139 527 astioneiitnr‘.
1153 445 1190 528 ri.
1205 443 1267 520 Sir,

243 537 277 597 ει
299 536 377 600 sunt
400 535 490 614 lides,
515 533 641 615 proles,
656 536 689 596 et
711 537 976 612 sacramentum,
1001 537 1136 617 propter
1167 533 1268 598 lldem

244 626 293 687 est
316 622 461 689 conditio
485 619 626 700 virtutis,
651 641 725 706 quae
754 621 877 688 dicitur
912 641 987 707 pars
1021 623 1173 702 iustitiae,
1210 641 1270 705 per

243 711 370 795 prolem
394 715 453 790 est,
479 699 578 777 etiam
601 711 664 777 sub
688 713 774 776 bono
799 711 899 793 prolis
933 713 1097 790 educatio,
1132 716 1166 778 et
1202 715 1270 776 tota

245 799 500 867 communicatio
523 818 672 884 operum,
701 805 735 865 et
764 800 1016 867 matrimonium
1046 803 1147 868 habet
1170 801 1270 867 ratio

245 911 322 956 nem
346 889 485 958 honesti.

222 979 290 1048 Art.
315 979 346 1048 3.
369 980 418 1046 An
440 985 662 1046 sacromentum
683 979 728 1044 sit
746 981 952 1064 principalior
981 983 1064 1047 inter
1098 977 1178 1048 lona
1211 999 1272 1046 mo·

247 1072 397 1137 trimooii.
422 1072 456 1155 d.
481 1069 542 1147 Sic,
567 1068 695 1134 ratione
712 1069 892 1153 dignitatis,
910 1071 1004 1136 etsie
1021 1071 1054 1136 in
1073 1070 1270 1136 definitione

245 1162 382 1244 ponitur
405 1159 571 1238 indivisio,
595 1177 670 1243 quac
702 1158 845 1240 pertinet
879 1162 921 1227 ad
950 1165 1208 1240 sacramentum,
1238 1166 1271 1226 et

245 1268 314 1316 non
339 1250 474 1333 ponitur
496 1250 586 1325 tides,
610 1251 643 1311 et
667 1247 784 1330 proles.
809 1249 898 1328 ltem,
930 1250 1030 1333 prolis
1063 1250 1090 1315 si
1114 1257 1268 1316 sumatur

246 1358 307 1423 pro
331 1337 516 1404 intentione
539 1335 648 1420 prolis,
673 1339 755 1403 tunc
778 1338 877 1420 prolis
907 1345 955 1404 est
984 1339 1019 1404 in
1055 1339 1165 1423 primo
1201 1341 1271 1405 loco

244 1427 434 1505 essentialis,
458 1426 539 1492 etsi
565 1443 624 1508 pro
651 1426 716 1490 ltde
746 1432 896 1493 sumatur
930 1429 1080 1494 debitum
1109 1430 1269 1495 servandi

244 1517 357 1594 iidem,
380 1521 429 1582 est
452 1516 487 1583 in
510 1516 656 1581 secundo
681 1516 761 1593 loco,
784 1521 817 1581 ct
841 1517 938 1583 tertio
965 1519 1036 1584 loco
1071 1519 1138 1584 erit
1160 1538 1270 1584 sacra·

246 1611 417 1686 mentum,
443 1605 521 1691 quia
551 1601 678 1670 homini
708 1609 758 1669 cst
788 1605 992 1673 essentialius
1021 1622 1091 1673 esse
1121 1614 1296 1686 naturae,l

247 1714 347 1781 quam
371 1695 495 1780 gratiae,
519 1693 595 1760 licet
618 1694 680 1757 hoc
703 1693 746 1758 sit
769 1694 913 1780 dignius.

223 1783 291 1853 Art.
315 1783 347 1852 d.
371 1784 421 1853 An
444 1791 529 1852 octos
551 1784 745 1849 matrimonii
767 1792 928 1853 accusetur
946 1805 1003 1874 par
1018 1785 1095 1856 tono
1105 1787 1271 1874 praedicta.

249 1876 285 1960 rt.
308 1874 371 1955 Sic,
395 1880 486 1960 putet
508 1893 550 1940 ex
573 1873 679 1940 dictis.
736 1934 737 1938 ,

222 1959 290 2032 Art.
327 1965 359 2033 li.
393 1965 445 2030 An
468 1971 554 2031 natae
576 1964 816 2030 matrimonialis
836 1968 935 2048 poerit
960 1969 1103 2035 excusari
1135 1971 1205 2038 sine
1228 1966 1272 2037 lo·
1295 2011 1296 2044 ι

246 2055 297 2121 nia
319 2055 521 2121 matrimonii.
548 2055 583 2138 ri.
607 2051 688 2119 Non.
712 2051 872 2140 Coniuges
895 2055 967 2122 sine
984 2059 1116 2142 peccato
1140 2063 1271 2138 coeunt,
1295 2055 1296 2062 ’

245 2146 298 2210 νει
321 2163 417 2210 causa
441 2141 660 2228 procurandae
684 2142 793 2225 prolis,
814 2146 867 2209 vel
883 2145 986 2212 debiti
1000 2149 1175 2228 reddendi,
1191 2150 1270 2215 alias

244 2252 375 2318 semper
397 2237 545 2318 peccant,
568 2230 682 2296 saltem
709 2233 896 2299 venialiter.

223 2319 291 2392 Art.
315 2321 347 2391 6.
369 2321 418 2391 Aa
440 2323 490 2390 nir
511 2337 690 2404 coenonema
723 2340 861 2402 oaorem,
898 2345 961 2391 noa
990 2322 1153 2395 intendens
1186 2325 1272 2394 attat

246 2412 356 2480 ioniam
378 2413 579 2484 matrimonii,
604 2409 654 2477 aad
677 2419 795 2479 tontum
818 2413 1054 2497 delectationem,
1068 2425 1171 2504 peccet
1191 2437 1272 2485 mor·

244 2505 361 2571 taliter.
387 2506 421 2588 ri.
447 2503 515 2568 Non
538 2521 668 2586 semper
702 2508 750 2568 εει
785 2507 932 2583 mortale,
956 2513 1047 2572 actus
1082 2515 1131 2572 est
1166 2529 1207 2575 ex
1238 2527 1271 2574 se

246 2595 363 2674 bonus,
386 2591 440 2659 vel
465 2611 531 2658 non
556 2597 668 2657 estex
691 2611 725 2657 se
761 2594 876 2675 malua,
901 2595 1029 2662 nisiex
1054 2597 1270 2664 circumstan-

246 2684 301 2763 tia,
325 2687 362 2749 nt
384 2683 411 2749 si
434 2681 480 2747 ita
503 2680 575 2747 vult
598 2681 850 2748 delectationem
874 2685 917 2750 ab
941 2703 1054 2766 uxore,
1083 2706 1121 2753 an
1149 2687 1177 2752 sl
1202 2707 1269 2754 non

245 2776 329 2927 esset
350 2789 419 2854 sua,
442 2775 491 2839 est
513 2771 663 2854 mortale,
685 2773 743 2838 scd
765 2771 792 2839 εἰ
816 2777 949 2841 tantum'
972 2773 1007 2842 in
1023 2793 1093 2857 sua,
1116 2782 1202 2844 esset
1219 2793 1295 2844 ves

247 2882 344 2932 ntae.

628 3037 808 3128 Qumstto
832 3035 864 3110 t.

252 3225 345 3298 De
367 3217 827 3308 impedimentis
852 3227 1250 3300 matrimonii.

223 3401 294 3475 nrt.
320 3407 350 3475 l.
372 3402 422 3474 An
452 3402 666 3470 conuenienter
695 3405 892 3488 narianentnr
925 3403 1137 3492 impedimenta
1169 3411 1274 3478 matri·

245 3501 352 3565 monii.
378 3499 413 3582 rt.
449 3493 519 3572 Sic,
553 3495 705 3577 quaedam
747 3495 949 3579 impediunt,
986 3515 1054 3564 non
1089 3497 1270 3580 dirimunt;

245 3589 397 3676 quedam
422 3580 619 3668 impediunt,
636 3587 669 3648 ct
685 3583 850 3651 dirimunt
865 3589 1089 3667 contractum
1103 3588 1180 3674 qnia
1193 3597 1269 3656 sunt

245 3677 287 3742 de
310 3675 461 3755 essentia,
486 3671 519 3736 et
541 3675 635 3751 cont3
660 3676 764 3752 otroi,
789 3675 946 3755 conditio,
960 3679 1086 3759 votum,
1102 3682 1264 3763 cognatio,
