2636 4202
267 131 317 212 ἰιι
586 161 632 214 nx
656 162 770 217 enimn
795 160 914 215 annue

250 281 414 368 principio
437 282 577 362 formali,
601 283 659 349 sed
681 284 822 350 essentia
845 301 914 349 non
939 285 1087 366 generat.
1104 281 1187 348 lteru
1206 303 1283 350 non

250 375 357 456 potest
379 371 534 438 dicitres
558 391 705 457 personae
729 375 771 440 de
794 373 934 440 essentia
956 371 1183 459 divinacula
1207 391 1283 439 non

231 464 333 529 »esset
363 461 567 546 principium
592 462 827 530 distinctionis.
858 462 938 528 ltem
967 461 1137 546 Scriptura
1165 461 1285 548 loqui-

143 549 145 557 ‘
250 557 305 618 tur
334 552 377 617 de
407 551 567 636 sapientia
593 557 718 632 creata,
750 556 783 618 ει
805 554 847 619 de
869 551 995 636 Spiritu
1018 556 1145 634 creato,
1168 558 1212 618 ut
1239 553 1285 620 de
1315 609 1316 614 ,

213 679 217 692 «
248 645 360 721 vento,
385 646 417 708 et
440 661 525 708 aere.
1036 711 1041 722 ,

225 729 293 799 Art.
318 731 348 800 l.
372 731 421 800 Ao
443 735 478 799 lo
493 732 607 798 usstass
622 735 813 816 altpotcolto
827 729 961 817 respecto
984 738 1105 801 ecloum
1127 735 1283 800 conona-

249 823 334 891 lium.
365 825 400 908 il.
423 823 490 902 Sic,
522 823 599 906 quia
628 823 775 906 potentia
801 828 849 889 est
872 821 1074 906 principium
1094 827 1212 901 actus,
1241 828 1282 890 ut

248 911 439 996 generandi,
464 915 497 976 ct
518 911 678 994 spirandi.

247 1003 259 1026 *
284 1001 321 1066 Et
345 1004 414 1066 haec
437 1001 583 1084 potentia
605 1003 648 1067 ad
670 1005 762 1069 actus
779 1001 961 1069 notionales
978 1021 1046 1068 non
1064 1002 1189 1069 dicitur
1212 1023 1280 1088 per

248 1093 432 1175 respectum
463 1092 505 1156 ad
535 1109 690 1174 personas
714 1093 830 1169 lactas,
855 1092 914 1158 sed
937 1094 1162 1175 procedentes.
1187 1093 1280 1159 ltem

247 1179 429 1246 in·‹livinis
452 1183 500 1245 est
523 1179 686 1264 possibile,
709 1183 798 1266 quod
822 1200 889 1249 non
914 1181 1104 1266 opponitur¹
1119 1201 1281 1250 necessa·

141 1317 148 1325 .
246 1270 296 1334 rio
330 1269 407 1355 quia
437 1276 638 1353 supponeret
669 1272 851 1354 potentiam
882 1274 1060 1356 paenam,
1092 1291 1168 1357 quac
1200 1293 1279 1341 non

246 1358 353 1424 estin
378 1359 461 1439 Deo,
485 1361 542 1426 sed
566 1361 757 1428 continetur
784 1363 846 1428 sub
869 1361 1059 1427 necessario.

224 1447 291 1514 Art.
316 1447 347 1516 ὕ.
378 1446 429 1514 An
458 1453 595 1533 potentio
624 1451 792 1534 perorandi
823 1453 977 1534 slpnificot
1007 1452 1205 1531 relationem,
1246 1462 1281 1519 et

246 1555 309 1604 oon
332 1541 506 1610 ccccnttom,
532 1543 567 1624 il.
591 1541 740 1606 Potentia
763 1541 944 1624 generandi
968 1539 1133 1624 signinam
1155 1541 1193 1606 ln
1221 1561 1277 1608 re·
1315 1619 1316 1628 ἵ

245 1633 301 1693 cto
321 1632 477 1694 naturam
499 1629 660 1707 divinam,
685 1629 729 1694 in·
744 1630 877 1714 obliquo
900 1629 1105 1708 rotationem,
1124 1629 1205 1714 quia
1223 1637 1278 1698 est

246 1717 295 1795 id,
320 1735 385 1803 quo
406 1717 506 1784 'Pater
528 1721 680 1803 generat,
713 1718 833 1797 idest,
863 1721 983 1785 natura
1013 1718 1143 1796 divino,
1169 1724 1205 1784 et
1230 1742 1278 1787 ex

245 1807 379 1891 obliquo
402 1809 637 1892 proprietatem
667 1809 888 1892 personalem,
913 1827 981 1874 non
1006 1810 1124 1874 lamen·
1138 1807 1277 1894 signiti-

245 1901 297 1963 cat
321 1899 425 1981 ipsam
450 1899 646 1966 relationem·
666 1899 839 1984 principii,
865 1897 1036 1984 quianon
1061 1900 1110 1963 est
1130 1897 1276 1982 relatio,

235 1989 294 2052 sed
316 1992 365 2052 est
388 1988 439 2066 id,
468 2009 535 2073 quo
557 2007 657 2074 agens
678 1988 762 2072 agit,
794 1992 827 2053 ει
850 1988 885 2052 in
916 1987 1041 2054 divinis
1068 1991 1146 2052 sunl
1177 1986 1276 2055 idem

245 2095 291 2153 re,
316 2095 384 2142 nou
410 2077 548 2156 ratione.
573 2078 652 2143 ltem
676 2078 824 2161 potentia
847 2077 883 2143 in
907 2081 996 2143 recto
1015 2081 1063 2142 est
1077 2080 1275 2144 eommunis

244 2165 360 2245 tribus,
385 2165 419 2232 in
444 2166 576 2250 obliquo
600 2186 678 2232 non.

220 2251 289 2322 Art.
314 2254 344 2322 l.
368 2253 418 2321 Aa
441 2263 527 2321 cotos
549 2257 720 2334 cottonolcs
743 2255 781 2322 ccl
800 2257 904 2341 plures
928 2272 1073 2340 puaonoa
1104 2259 1277 2326 ominari

240 2346 369 2427 possint.
394 2341 430 2428 ιι.
453 2345 534 2425 Non,
557 2347 615 2411 sed
640 2357 698 2429 per
721 2346 857 2412 modum
881 2347 977 2413 verbi
999 2348 1042 2412 ad
1058 2345 1188 2425 Filium,
1207 2367 1277 2431 per

242 2435 378 2500 modum
402 2433 522 2500 amoris
545 2435 586 2500 ad
609 2435 768 2518 Spiritum
791 2434 961 2502 Sanctum.
981 2434 1061 2502 ltem
1078 2433 1178 2506 Filius
1196 2457 1273 2506 non

243 2523 342 2589 habet
366 2524 546 2606 potentiam
569 2526 711 2591 activam
735 2525 929 2610 generandi,
952 2525 1010 2591 sed
1036 2524 1209 2609 passivam,
1237 2535 1275 2594 et

242 2613 320 2696 quia
343 2611 614 2680 immaterialiter.

592 2868 778 2956 oonsno
801 2869 891 2939 xcn.

241 3047 332 3114 De
357 3053 719 3132 aequantem,
747 3060 811 3118 et:
835 3053 1246 3124 similitudine

345 3140 694 3208 divinarum
719 3145 1144 3213 Personarum

560 3233 941 3303 adinvicem·

216 3425 282 3495 Art.
308 3427 339 3497 l.
362 3427 411 3496 ilo
432 3431 589 3515 cpuolltos
620 3429 729 3499 tabeat
759 3431 855 3499 locum
889 3436 925 3499 ln
959 3432 1086 3502 cloiols.
1120 3435 1156 3516 ri.
1190 3432 1266 3524 Sic,

238 3516 315 3602 quia
343 3519 389 3586 ibi
419 3540 485 3586 non
518 3523 567 3586 est
590 3524 709 3606 maJ‘us,
735 3543 796 3589 nec
820 3521 947 3603 minus;
971 3543 1050 3608 crgo
1075 3521 1266 3610 aequalitas,

236 3606 271 3671 id
295 3611 353 3688 est,
378 3609 412 3674 in
437 3611 586 3689 essentia,
609 3629 667 3677 seu
687 3611 887 3695 perfectione
902 3614 1028 3696 formae,
1044 3631 1101 3682 seu
1119 3616 1265 3696 naturae,

238 3711 309 3762 raonv
331 3697 365 3765 in
390 3699 559 3770 effectibus
581 3701 713 3782 formae,
736 3705 774 3769 ut
797 3706 953 3785 estesse,
976 3701 1134 3788 operatio,
1156 3707 1192 3770 et
1212 3703 1266 3772 sie
