2604 4210
285 97 354 165 aad
538 114 585 165 ux
610 113 777 166 sucorum
802 112 978 165 sedunum

261 249 491 335 pensationem
525 249 717 333 superioris,
748 247 811 314 nisi
841 251 923 314 esset
950 250 1175 314 consuetudo.
1205 248 1295 324 ltem,

263 357 422 426 pauperes
457 341 615 406 habentes
650 359 710 423 pro
740 359 808 403 una
842 339 1040 403 comestione
1062 339 1295 416 sufficienter,

262 450 332 496 non
356 434 570 510 excusantur;
594 431 652 495 sed
675 429 702 494 si
725 428 890 494 frustatim
917 429 1166 512 eleemosynam
1201 449 1295 494 meu·

238 545 241 556 ·
265 519 389 598 dicant,
413 525 623 585 excusantur.

241 608 310 676 Art.
335 609 366 676 5.
390 607 439 675 An
462 611 675 676 convenienter
699 611 902 674 terminentur
934 616 1066 692 temporo
1088 612 1225 692 jejunii
1251 609 1295 674 Ea

262 700 371 766 etesiae.
397 701 431 780 ri.
447 698 508 774 Sic,
529 700 562 764 id
587 705 634 764 est
657 699 922 784 Quadragesima,
947 703 1090 783 quatuor
1112 699 1294 782 Tempora

264 795 297 852 et
321 788 440 871 vigiliae
463 789 671 854 Sanctorum.

244 880 315 944 Art.
338 878 368 944 6.
393 878 444 942 Ao
467 879 507 943 od
522 881 677 961 jejunium
700 881 887 961 requiretur,
912 878 990 960 quod
1011 881 1097 943 tomo
1112 879 1220 944 semel
1241 886 1295 942 too

268 976 329 1032 tom
352 967 494 1035 comedat.
519 971 553 1051 ll.
576 969 637 1047 Sic,
662 969 739 1052 quia
762 974 795 1032 et
819 973 937 1032 natura
960 969 1086 1043 satisllt,
1111 972 1144 1030 et
1166 987 1295 1034 conon·

265 1057 422 1138 pisceutia
445 1057 615 1122 fraenatur.

265 1143 473 1229 *Quantitas
495 1147 560 1212 cibi
586 1167 652 1211 ιιοιι
689 1149 794 1230 potest
830 1147 933 1211 laxari
969 1150 1104 1229 propter
1138 1147 1295 1211 diversa

266 1237 440 1301 bominum
474 1237 734 1320 complexiones,
768 1237 824 1300 sed
857 1255 1014 1301 numerus
1043 1237 1295 1302 comestionuu

265 1325 321 1390 sio.
345 1323 435 1402 item,
461 1332 556 1408 potus
581 1326 614 1390 in
636 1325 764 1408 jeJunio
784 1325 1003 1390 Ecclesiastico
1021 1346 1087 1391 non
1106 1329 1156 1390 est
1179 1325 1295 1408 probi·

269 1415 371 1496 bitus,
398 1413 475 1497 quia
503 1419 598 1497 potus
622 1416 723 1499 magis
747 1421 794 1479 est
817 1416 859 1480 ad
882 1416 1097 1499 digestionem
1122 1415 1293 1481 ciborum

267 1521 366 1588 quam
391 1505 432 1567 ad
458 1505 690 1584 nutritionem,
720 1505 796 1568 licet
825 1505 933 1588 aliquo
964 1506 1062 1570 modo
1086 1506 1245 1581 nutriat,
1273 1527 1295 1566 e

267 1594 313 1658 sic
332 1594 490 1676 jejunans
514 1599 619 1677 potest
644 1594 765 1678 pluries
790 1594 913 1671 bibere,
936 1595 992 1658 sed
1014 1595 1041 1658 si
1057 1595 1293 1659 immoderate

269 1700 406 1766 peccare
429 1689 546 1766 posset,
571 1689 603 1749 et
626 1684 782 1748 meritum
807 1686 958 1767 perdere,
980 1685 1064 1748 sicut
1087 1683 1145 1767 qui
1174 1685 1295 1749 immo

269 1774 421 1838 deratum
449 1773 560 1839 cibum
595 1775 697 1838 sumit
726 1774 760 1836 in
793 1793 860 1839 una
886 1774 1095 1839 comestione.
1119 1773 1210 1838 ltem
1238 1775 1295 1838 ele

268 1861 393 1928 ctuaria
428 1862 505 1928 licet
539 1863 648 1947 aliquo
680 1865 776 1928 modo
808 1861 978 1942 nutriant,
1006 1866 1116 1927 tamen
1142 1883 1222 1930 non
1250 1883 1295 1927 su⁴

269 1955 408 2018 muutur
431 1953 668 2036 principaliter,
694 1952 757 2016 nisi
780 1954 822 2018 ad
845 1953 1061 2036 digestionem
1085 1951 1165 2032 cibi,
1192 1953 1295 2018 etsie

269 2061 337 2106 nou
361 2041 496 2106 solvunt
515 2043 693 2126 jejunium,
719 2042 781 2106 uisi
801 2042 874 2125 quis
892 2042 925 2107 in
942 2041 1094 2106 fraudem
1109 2043 1295 2108 electuaria

269 2131 302 2195 in
329 2147 446 2212 magna
470 2132 654 2214 quantitate
677 2137 822 2195 sumeret
846 2151 905 2215 per
927 2133 1064 2196 modum
1087 2131 1168 2197 eibi.
1204 2132 1294 2208 ltem,

269 2237 331 2284 uec
354 2218 594 2284 medicinarum
621 2221 809 2302 assumptio.

247 2307 315 2377 rlrt.
340 2306 371 2374 7.
400 2307 449 2374 Ao
472 2312 547 2375 loro
572 2330 653 2376 norro
681 2313 894 2376 concentorrter
923 2317 1046 2378 locetur
1071 2311 1111 2374 cd
1138 2311 1294 2384 comedeof

270 2402 356 2478 dom,
376 2399 597 2480 jejunantibus.
623 2403 657 2484 d.
681 2400 733 2464 Sic
756 2401 843 2464 circa
867 2404 980 2465 boram
1006 2420 1127 2465 ironam
1151 2423 1195 2467 ex
1215 2401 1293 2467 Con·

272 2489 347 2557 cllio
371 2490 615 2567 tlaloedonensi,
640 2491 717 2573 quia
734 2495 782 2553 est
797 2491 964 2555 moderata
980 2489 1092 2555 dilatio
1111 2509 1155 2554 ue
1173 2497 1293 2556 natura

272 2578 370 2644 nimis
394 2578 547 2658 patiatur,
574 2582 663 2643 etse
692 2581 875 2643 conformet
901 2578 1027 2644 Christo
1050 2580 1244 2660 expiranti,
1268 2583 1293 2644 et

271 2666 392 2732 sufficit
418 2666 444 2730 si
472 2667 514 2731 sit
540 2667 687 2742 circiter,
719 2689 780 2732 neo
809 2669 973 2734 subtiliter
996 2669 1242 2746 examinanda,
1268 2673 1293 2732 et

270 2776 346 2822 cum
369 2755 532 2840 aliquibus
555 2760 598 2822 ob
622 2758 868 2836 infirmitatem,
893 2760 945 2822 rol
970 2762 1114 2836 aetatem,
1149 2767 1203 2824 est
1235 2760 1293 2822 dis·

270 2847 477 2930 pensandum
503 2846 537 2912 iu
564 2849 653 2927 bora,
678 2852 715 2912 ut
740 2849 958 2929 praeveuiant.

247 2937 314 3005 Art.
338 2934 369 2999 8.
393 2933 443 3000 Ao
466 2941 678 3003 convenienter
696 2937 907 3019 jejrroootltus
931 2937 1145 3019 interdicetur,
1175 2949 1217 3006 ut
1238 2937 1292 3004 ot«

271 3029 392 3092 tirocont
429 3027 628 3108 coercitus,
665 3031 745 3109 oots,
781 3035 810 3092 ct
834 3029 987 3093 laetantis.
1012 3028 1046 3110 rt.
1069 3025 1132 3102 Sic,
1159 3030 1244 3111 quia
1268 3027 1292 3092 bl

270 3115 336 3182 cibi
368 3114 493 3179 habent
524 3117 701 3180 maximam
725 3117 994 3195 delectationem,
1026 3119 1058 3180 et
1081 3116 1123 3180 ad
1149 3135 1292 3184 venerea

272 3205 464 3291 provocant,
489 3208 522 3268 et
544 3210 623 3269 sunt
646 3224 762 3271 carnes
786 3206 979 3270 animalium
996 3205 1030 3269 in
1048 3209 1137 3270 terra
1156 3226 1291 3274 nascen-

272 3298 373 3379 tium,
398 3296 430 3357 et
454 3294 704 3376 respirantium,
728 3298 761 3359 et
785 3313 858 3373 ova,
889 3301 921 3360 et
944 3294 1123 3372 lacticinia,
1154 3315 1237 3379 quaa
1259 3313 1291 3360 ex

274 3387 320 3451 eis
343 3384 556 3466 proveniunt.
582 3383 672 3462 ltem,
690 3385 827 3450 Ecclesia
845 3386 877 3450 in
893 3380 1028 3469 jejuniis
1044 3384 1193 3448 attendit
1210 3383 1291 3471 quod

275 3480 323 3540 est
347 3473 571 3553 communium
596 3474 673 3538 licet
700 3474 801 3557 aliqui
832 3478 931 3554 magis
961 3473 1169 3538 delectentur
1204 3475 1291 3558 pisci*

276 3569 347 3630 bus.
374 3564 452 3628 ltem
477 3563 511 3628 iu
536 3564 799 3646 quadragesima,
828 3564 905 3648 quia
935 3562 1112 3628 solemnius
1140 3569 1194 3627 est
1216 3567 1290 3649 jeju·

277 3656 380 3731 ilium,
407 3653 480 3718 ideo
504 3654 537 3717 iu
563 3671 599 3718 ea
628 3653 874 3717 interdicuntur
899 3652 1128 3718 universaliter
1157 3671 1244 3734 ova,
1265 3655 1290 3718 et
