2608 4220
236 87 303 154 568
538 103 587 153 ux
613 101 879 154 saepenumero

212 221 227 250 *
249 222 313 288 Neo
336 226 443 286 molus
466 225 514 286 est
537 224 578 288 de
601 221 784 286 substantia
812 219 909 300 eceli,
932 239 1007 304 quae
1032 221 1239 298 remanebit,

213 315 246 376 ει
266 314 415 376 ,cassania
438 312 515 390 sole,
540 311 594 377 illa
619 315 824 393 paratarma,
848 329 920 394 quae
944 329 1013 376 non
1037 310 1239 378 illuminabi·

214 405 270 466 tur
294 422 312 465 a
335 401 413 478 sole,
437 421 506 466 non
531 401 595 465 erit
619 403 775 477 obscura,
798 400 876 482 quia
898 419 1036 483 corpora
1058 401 1239 467 elemento·

212 509 289 554 rum
315 492 484 556 habebunt
508 491 543 556 in
566 511 601 556 se
616 491 693 572 ipsis
716 490 883 574 quandam
907 489 1019 572 gloriae
1042 489 1237 570 claritatem,

210 599 273 645 neo
297 580 361 644 erit
385 583 513 662 tempus
537 585 608 663 post
631 584 769 661 tempus
829 635 832 642 .

187 667 255 736 nra.
280 668 311 737 3.
334 667 383 735 Aa
406 671 440 736 in
463 671 637 753 corporibus
671 669 842 736 caelestibus
865 669 1027 752 capellan
1049 670 1175 736 claritas
1198 672 1235 735 ia

212 760 269 825 illa
291 762 499 826 innovatione.
526 762 561 844 sl.
585 759 653 839 Sia,
677 758 753 843 quia
782 760 809 824 si
833 762 920 824 totus
945 760 1089 824 mundus
1110 761 1233 826 immu-

210 849 345 926 tabitur,
370 868 447 932 crgo
471 855 504 914 et
528 849 655 914 eoelum
678 850 768 932 quod
790 853 838 914 est
863 868 939 931 pars
964 849 1093 927 mundi,
1116 852 1173 916 sed
1189 852 1235 914 de

209 939 308 1002 modo
332 943 365 1002 el
387 939 572 1020 quantitate
595 939 680 1003 Deus
703 939 773 1002 scit.

188 1025 264 1094 Art.
289 1027 319 1093 l.
335 1025 384 1093 Aa
399 1029 544 1094 elemento
560 1027 787 1094 inaaoolnntnr
807 1047 862 1110 por
880 1030 1079 1111 receptionem
1101 1029 1233 1096 alicuius

208 1116 372 1183 claritatis
397 1119 430 1201 ul.
455 1117 517 1196 Sic,
542 1138 610 1184 non
634 1119 1231 1200 tamenaequalitcramniaelementa

208 1206 395 1273 vestientur
430 1167 588 1286 clarilate,
611 1208 669 1272 sed
693 1206 864 1290 quodlibet
887 1208 1071 1273 secundam
1095 1209 1234 1274 modam

208 1315 317 1375 suum,
342 1299 374 1360 ει
397 1298 470 1373 hoa,
494 1301 532 1360 ut
555 1300 653 1362 homo
676 1316 735 1379 per
758 1315 882 1374 sensus,
906 1316 939 1362 v
963 1317 993 1380 g.
1017 1298 1136 1376 visum,
1162 1317 1233 1364 ma-

207 1386 325 1452 nifasta
348 1386 470 1451 iudicia
493 1386 676 1450 divinitatis
700 1388 874 1451 habeat.

186 1474 253 1545 Art.
278 1476 309 1541 5.
331 1473 381 1541 Aa
399 1478 524 1558 plantae
547 1484 578 1541 et
598 1477 747 1542 animalia
769 1475 970 1542 remanebant
956 1479 1023 1541 tia
1059 1477 1152 1542 illa
1138 1497 1233 1544 arran

207 1568 340 1632 actiacae.
366 1567 400 1649 ri
424 1565 506 1647 Nan,
530 1565 607 1650 quia
630 1567 825 1634 factasunt
839 1566 879 1630 ad
905 1567 1167 1632 conservandam
1183 1568 1234 1632 vi·

208 1658 277 1719 tam
300 1653 476 1720 animalem
499 1655 652 1732 hominis,
676 1675 741 1738 qua
764 1643 909 1720 cessante
940 1656 1128 1734 cessabunt,
1153 1657 1233 1740 quia

207 1745 306 1812 homo
330 1747 428 1844 habel
452 1745 749 1827 incorruptionem.

557 1922 734 2008 consuo
757 1921 846 1990 xasa

208 2105 300 2176 De
337 2109 576 2174 visione
616 2106 858 2170 divinae
899 2109 1209 2172 essentiae

252 2201 318 2264 in
345 2199 803 2276 comparatione
829 2193 905 2260 ad
928 2198 1158 2270 beatos,

186 2375 253 2444 Art.
276 2373 308 2444 l.
337 2375 386 2443 Aa
421 2376 592 2442 intellectas
621 2377 769 2440 annonas
795 2375 894 2453 possit
921 2375 1081 2455 parvenire
1109 2373 1147 2440 orl
1181 2378 1234 2440 ai·

208 2467 337 2534 dandam
360 2467 457 2532 Deam
477 2485 533 2549 per
556 2467 726 2530 essentiam.
751 2463 786 2544 a.
811 2459 881 2540 Sia,
905 2469 953 2527 est
976 2464 1017 2528 de
1052 2463 1131 2542 lide,
1156 2468 1231 2530 tum

210 2577 251 2623 ex
273 2555 460 2639 scripturis,
485 2560 557 2620 ium
586 2575 628 2622 cx
650 2552 782 2620 sanatis.
806 2550 885 2619 Vide
919 2551 982 2632 ibi,
1006 2555 1040 2616 ει
1062 2552 1097 2618 in
1121 2554 1233 2636 prima
1299 2583 1300 2588 ¹

187 2648 385 2804 'Asretlussdffin
407 2723 514 2801 Sancti
533 2741 604 2818 post
624 2733 875 2806 resurrectionen
898 2730 994 2798 Deam
1022 2731 1234 2815 corporalibus

211 2828 306 2894 oeulis
339 2825 489 2892 violabant.
514 2827 549 2910 ri.
572 2825 660 2902 Non,
690 2842 797 2906 neque
831 2821 954 2888 sentire
988 2821 1097 2906 aliquo
1129 2842 1233 2910 sensu
1299 2879 1300 2882 ,

212 2916 385 2999 corporali,
408 2915 492 2980 siout
515 2933 575 2998 per
597 2933 631 2980 se
654 2911 782 2978 visibile
805 2915 934 2978 estnec
957 2912 1020 2990 hio,
1038 2930 1099 2976 nco
1114 2911 1149 2977 in
1172 2933 1231 2996 pa·

211 3006 288 3086 tria,
310 3006 367 3072 scd
391 3024 450 3088 per
473 3005 624 3072 accidens
645 3003 703 3077 sic,
726 3002 810 3068 idest
833 3007 905 3069 tum
929 3004 1056 3066 tantam
1090 3002 1232 3084 gloriam

210 3095 270 3164 Dei
294 3093 471 3178 inspicient
494 3095 529 3160 in
554 3093 756 3178 corporibus
779 3095 812 3157 ει
848 3090 991 3156 maxime
1014 3090 1172 3174 gloriosis,
1196 3095 1234 3158 et

212 3185 381 3268 speciatim
415 3184 551 3263 Christi,
575 3190 612 3250 ut
636 3183 764 3249 dicatur
798 3181 906 3265 aliquo
930 3181 1028 3246 modo
1050 3179 1155 3246 Deum
1180 3181 1233 3249 vi·

212 3276 301 3354 dere,
325 3280 359 3340 et
380 3295 421 3340 ex
439 3277 533 3360 parte
556 3274 739 3341 intellectus
762 3273 830 3337 tam
853 3273 940 3336 clare
962 3270 1067 3336 Deum
1089 3271 1231 3349 videbit,

214 3364 337 3448 quod
327 3385 362 3430 m
388 3367 486 3431 rebus
509 3363 731 3447 corporalibus
754 3360 830 3427 visis
852 3361 938 3427 Deus
961 3359 1171 3443 percipietur,
1187 3359 1232 3426 si·

213 3455 301 3519 cut'
292 3474 327 3522 m
351 3455 515 3522 locutione
537 3453 673 3518 alicuius
697 3450 877 3533 percipitur
900 3451 969 3516 eius
992 3450 1071 3516 vita.

190 3543 258 3611 Art.
283 3543 314 3612 3.
336 3542 386 3611 An
407 3548 507 3611 sancti
528 3543 625 3609 Deam
647 3541 778 3608 uidentes
801 3544 903 3608 omnia
916 3539 1039 3606 uideant
1059 3559 1134 3624 paor
1145 3540 1231 3608 ocos

213 3632 568 3718 oislet.1l.Non,quia
602 3631 687 3698 Deus
721 3631 857 3698 scicntia
891 3629 1027 3698 visionis
1060 3629 1231 3715 cognoscit
