2614 4190
461 143 535 195 nrm
558 143 706 196 recum.
973 131 1050 200 Μ’

453 351 631 438 QUAESTlO
654 354 690 424 V.

184 534 276 602 Do
300 537 527 604 effectu
550 537 953 606 contricionis.

37 711 110 782 Art
136 712 168 782 l.
190 712 241 782 Aa
259 719 378 800 pcccati
397 718 535 784 remissio
557 717 733 799 riteffcotur
747 717 955 784 vocatone.
974 719 1012 804 nl.
1025 714 1091 798 Sic,

63 809 97 870 et
121 807 161 869 ut
183 808 232 870 est
261 825 337 889 pars
370 806 568 874 sacramenti
596 806 895 874 instrumentaliter
929 811 1087 888 operatur

63 892 292 962 remissionem
316 897 449 979 peccati,
472 899 510 964 ut
532 896 594 962 alia
615 900 839 963 sacramenta:
861 900 899 961 ut
926 900 975 960 est
999 901 1090 963 aolus

62 983 210 1062 virtutis,
233 987 282 1050 est
304 985 473 1069 dispositio
498 985 679 1053 necessaria
702 986 745 1053 ad
760 983 1036 1066 iustificationem,
1058 991 1093 1053 et

63 1072 239 1139 reducitur
261 1074 303 1141 ad
325 1094 458 1143 causam
481 1075 695 1142 materialem.

63 1163 74 1187 ¹
98 1161 203 1230 Causa
231 1162 422 1248 principalis
451 1166 645 1232 remittendi
678 1167 810 1249 peecata
845 1165 894 1230 oct
919 1163 1016 1244 Deru,
1039 1165 1089 1233 di·

61 1252 232 1336 spositiva,
255 1259 288 1319 et
310 1253 574 1322 instrumentalis
596 1257 703 1338 potest
725 1273 793 1321 esso
816 1275 835 1320 a
858 1254 963 1332 uobis,
987 1259 1024 1321 ut
1039 1260 1090 1321 est

61 1341 348 1422 contritionem,
373 1344 449 1411 licet
475 1345 571 1428 culpa
598 1343 641 1410 sit
674 1363 734 1428 per
766 1341 1000 1411 contritionem
1034 1364 1087 1412 re·

64 1432 182 1512 missa,
213 1451 312 1499 nemo
334 1437 446 1501 tamen
475 1435 575 1502 debet
596 1436 753 1501 accedere
785 1434 828 1500 ad
851 1432 1088 1502 Eucharistiam

61 1530 141 1590 ante
164 1522 414 1590 contessionem.

40 1610 108 1679 lrr.
135 1613 167 1679 2.
192 1611 245 1678 An
266 1616 413 1681 contritio
434 1617 531 1699 poscit
555 1615 690 1682 totaliter
715 1613 818 1681 tollere
848 1621 966 1680 rectum
985 1631 1089 1698 punc.

63 1705 99 1786 ll.
125 1701 274 1769 Charitas
297 1708 404 1787 posset
428 1711 558 1770 tantum
582 1707 617 1770 iu
640 1707 716 1772 actu
741 1703 881 1782 intendi,
905 1707 943 1770 ut
966 1704 1090 1771 centri-

63 1793 108 1858 tio
131 1792 215 1858 iude
247 1811 388 1878 sequens
411 1794 504 1860 tollat
538 1795 637 1860 etiam
672 1811 807 1859 omnem
841 1811 973 1877 poenam
1010 1812 1088 1861 cum

61 1883 173 1967 culpa,
197 1881 300 1952 sicet
323 1883 417 1950 dolor
450 1883 654 1952 sensibilisa
688 1881 849 1949 charitate
882 1882 1023 1949 veniens
1053 1885 1088 1951 in

63 1971 279 2037 contritione.

64 2063 74 2086 '
99 2060 249 2146 Quilibet
271 2061 371 2128 debet
386 2063 547 2143 confiteri,
563 2064 642 2148 quia
657 2068 706 2129 est
725 2065 938 2147 praeceptum,
963 2061 1089 2146 atquin

64 2172 133 2218 non
160 2153 210 2216 est
234 2155 343 2216 certus
365 2152 408 2217 dc
432 2171 509 2218 vera
533 2153 744 2233 contritione,
768 2157 804 2218 et
823 2171 921 2237 poena
944 2151 1087 2218 remissa.

62 2241 152 2320 imm,
178 2239 255 2306 licet
277 2239 372 2306 dolor
394 2241 601 2322 contritionis
630 2241 673 2308 sit
695 2241 809 2309 linitus
831 2242 940 2326 quoad
970 2244 1085 2311 exlen-

61 2331 201 2406 slcnem,
228 2332 338 2395 tamen
360 2349 405 2394 ex
428 2331 587 2397 charitate
603 2331 798 2397 informatus
814 2332 913 2398 habet
928 2328 1088 2396 virtulem

61 2419 241 2497 inlinitum,
265 2423 303 2484 ul
320 2418 427 2484 deleat
443 2439 577 2502 poenam
599 2420 775 2486 infinitam.

41 2508 108 2577 rlrt.
133 2509 165 2576 3.
189 2506 240 2575 alc
267 2525 364 2591 pcrou
396 2513 542 2576 conuitio
576 2511 713 2595 sufficiet
744 2509 783 2577 cti
815 2509 991 2578 deletionem
1023 2529 1085 2578 mc-

59 2617 192 2681 pcorum
212 2605 411 2680 pcccatorum.
436 2601 472 2682 ri.
496 2597 561 2678 Sic,
584 2601 662 2684 qula
692 2603 740 2664 est
773 2619 849 2666 cum
884 2598 989 2683 gratia
1012 2619 1087 2683 gra-

65 2695 135 2754 tum
148 2686 301 2754 iaciente.
312 2685 367 2752 Sic
382 2689 546 2755 medicina
561 2687 750 2772 spiritualis,
766 2689 842 2754 licet
859 2708 971 2772 parva,
987 2690 1087 2755 habet

62 2776 241 2843 eiilcaciam
272 2775 438 2843 inlicitam
473 2797 515 2844 ex
544 2778 667 2846 virtute
697 2777 845 2856 infinita,
868 2795 943 2862 qum
977 2777 1012 2844 iu
1047 2799 1086 2844 ea

61 2870 229 2950 operatur,
258 2867 416 2951 quamuis
440 2867 481 2934 ue
504 2867 622 2934 maiori
653 2871 790 2953 peccato
823 2866 866 2934 sit
895 2867 999 2952 magis
1027 2869 1086 2935 dc·

60 2957 211 3024 lendum.

442 3133 620 3226 onasum
643 3135 692 3207 vl.

120 3319 214 3386 De
238 3316 625 3386 confessione
649 3317 847 3400 quoad
870 3319 1004 3384 eius

335 3411 790 3476 necessitatem.

41 3587 107 3656 Art
131 3589 163 3655 l.
188 3586 237 3657 alc
260 3588 406 3676 ccolcrcic
427 3590 473 3656 rit
493 3590 662 3656 ascensorio
683 3587 722 3655 oi
743 3562 881 3654 column.
899 3587 933 3670 tl.
947 3583 1000 3652 Sic
1015 3582 1084 3653 exi-

61 3679 165 3747 stenti
185 3679 225 3749 in
255 3682 389 3768 peccato
424 3677 563 3748 morult
587 3677 718 3758 actuali,
752 3675 837 3763 quio
864 3675 1084 3780 mortuaest
