2608 4220
410 155 413 166 ,
473 104 552 158 nrm
573 102 724 158 annun.
985 88 1075 178 :W

433 347 613 435 QUAES'llO
635 348 757 420 XXXV.

111 537 206 602 Do
230 535 458 600 effectu
480 533 664 598 huius
692 537 1085 610 saon-amenti.

72 713 144 782 Art.
169 712 200 778 l.
224 709 276 778 An
298 714 334 779 in
355 717 577 779 sacramentum
592 710 710 778 ordinis
728 713 905 797 consuatur
918 713 1024 797 pratia
1046 731 1120 796 pra·

98 811 162 870 tum
185 803 310 887 sacione.
337 804 372 886 ιι.
396 801 459 880 Sic,
482 802 560 886 quia
582 807 787 872 sacramenta
810 807 947 869 causant
968 803 1122 886 gratiam,

97 901 131 958 et
155 912 216 978 per
240 895 326 958 hanc
348 893 521 958 ordinatus
544 893 583 957 nt
605 894 700 974 aptus
715 893 757 958 ad
777 891 1056 978 dispensationem
1072 912 1123 958 sa·

96 985 364 1061 crementorum
390 981 453 1048 nisi
477 985 579 1087 ponat
602 982 740 1048 obicem.

96 1073 197 1158 Qui
219 1072 406 1155 ordinatur,
428 1070 456 1136 si
479 1071 559 1138 est
549 1089 583 1137 m
600 1072 717 1157 gratia,
734 1069 851 1157 recipit
866 1071 973 1138 maius
1001 1089 1123 1140 munus

61 1167 65 1180 “
96 1161 223 1248 gratiae.

73 1255 142 1321 Art.
166 1253 199 1320 2.
222 1251 307 1320 Αιι
294 1271 329 1318 ru
351 1254 406 1319 hoc
428 1259 615 1319 sacramento
631 1255 828 1336 imprimatur
843 1255 999 1320 character
1021 1271 1123 1337 quan·

26 1351 28 1356 “
98 1351 161 1412 tum
185 1341 224 1408 ud
244 1361 345 1409 omnes
368 1341 500 1409 ordines.
526 1345 561 1428 ιι.
585 1343 621 1409 ln
652 1343 830 1422 omnibus,
857 1344 957 1409 etiam
990 1343 1025 1409 in
1062 1343 1121 1408 mi·

96 1433 245 1510 neribus
269 1434 360 1500 unde
383 1452 452 1499 non
476 1436 613 1516 possunt
635 1433 803 1508 reiterari,
829 1436 861 1498 et
885 1433 961 1498 licet
984 1432 1122 1500 clericus

97 1524 140 1590 ad
164 1521 319 1589 laicatum
341 1541 376 1587 se
399 1523 585 1602 transierat,
608 1541 739 1606 semper
762 1526 875 1588 manet
897 1525 1078 1588 character.

76 1611 144 1679 Art.
170 1611 202 1679 3.
225 1610 274 1679 eln
297 1615 452 1681 character
467 1611 586 1678 ordinis
599 1619 825 1716 praesupponut
838 1615 1041 1679 characterem
1057 1612 1124 1698 hap

98 1703 260 1768 tismotem.
287 1706 325 1788 ιι.
347 1702 415 1779 Sic,
439 1703 516 1787 quin
540 1703 720 1786 baptismus
744 1701 824 1768 est
815 1721 914 1766 ranna
936 1721 1124 1769 sacramen·

95 1797 221 1868 torum,
245 1795 277 1856 et
301 1793 358 1857 dat
381 1791 562 1874 potentiam
589 1793 790 1875 receptivam
806 1787 1099 1860 sacramentorum.

98 1881 207 1948 *Non
233 1881 416 1964 baptizatus
438 1881 465 1946 si
501 1881 714 1948 ordinaretur
735 1883 887 1948 sacerdos
915 1901 984 1949 nou
1015 1885 1124 1963 posset

95 1991 312 2051 consecrare3
335 1971 411 2037 etsi
428 1972 522 2036 lieret
535 1971 720 2055 Episcopus,
736 1975 771 2036 et
786 1972 957 2038 ordinaret
985 1972 1122 2056 aliquos,

94 2062 130 2128 hi
155 2081 224 2126 non
249 2064 357 2126 essent
379 2060 548 2141 ordinati3
572 2065 605 2126 et
627 2063 653 2128 si
677 2061 800 2129 deinde
816 2062 1047 2146 baptizaretur,
1064 2064 1122 2130 de·

94 2153 191 2219 beret
214 2149 336 2216 iterum
360 2149 521 2216 ordinari.

74 2239 142 2308 Art.
168 2239 200 2308 le.
223 2239 273 2308 An
305 2243 462 2307 character
491 2240 610 2307 ordinis
637 2249 864 2326 praesuppouat
890 2242 925 2310 de
947 2245 1122 2311 necessitate

95 2335 300 2398 characterem
323 2332 576 2435 constructionis
601 2333 638 2416 ιι.
660 2333 742 2409 Non,
760 2331 823 2397 nisi
839 2333 881 2397 dc
904 2335 1121 2418 congruitate,

94 2426 132 2486 ut
155 2419 297 2504 Apostoli
322 2420 413 2502 prins
436 2422 573 2486 luerunt
595 2420 751 2498 ordinati,
776 2439 875 2506 quam
899 2423 1097 2489 confirmati.

18 2557 19 2564 ι
74 2509 142 2577 Art
167 2510 199 2579 5.
223 2508 272 2577 An
296 2512 452 2577 character
474 2512 568 2576 nnius
592 2510 710 2578 ordines
732 2511 766 2577 de
788 2513 964 2578 necessitate
977 2532 1123 2614 praesup-

91 2607 190 2684 panat
211 2603 419 2667 characterum
441 2601 571 2667 atterius
593 2601 723 2667 ordinis.
742 2603 777 2685 ιι.
794 2601 876 2681 Non,
892 2601 969 2687 quia
992 2591 1049 2686 qni
1063 2620 1121 2684 per

18 2719 19 2724 ¹
94 2691 215 2758 saltum
239 2690 423 2770 ordinatur,
448 2689 570 2756 sullicit
602 2689 630 2756 si
659 2691 799 2773 accipiat
834 2691 996 2772 ordinem,
1021 2711 1121 2778 quem

18 2833 19 2858 2
95 2780 241 2866 reliquit,
264 2783 298 2847 et
322 2800 391 2848 non
415 2781 457 2846 de
480 2799 568 2846 novo
591 2780 776 2848 ordinetur.

427 3011 605 3097 QUAESTlO
627 3011 761 3084 XXXVl.

18 3165 21 3228 ἶ
138 3195 232 3262 De
256 3195 549 3276 qualitate
575 3197 1044 3278 suscipientium

18 3305 20 3376 l

18 3661 22 3712 ι

18 3737 25 3840 l

283 3288 402 3353 hoo
428 3297 904 3355 sacramentum.

75 3458 139 3530 Art.
162 3459 196 3532 1.
224 3462 274 3532 Aa
308 3465 344 3531 in
376 3464 608 3547 suscipientibus
637 3465 758 3546 ordines
791 3467 970 3550 requiratur
1000 3460 1131 3534 honitar'

18 3591 19 3618 l
96 3555 187 3622 attan
214 3554 249 3638 ιι.
273 3551 333 3634 Sic,
357 3554 471 3639 etqui
499 3555 533 3620 in
553 3561 684 3640 peccato
700 3557 830 3624 mortali
846 3557 981 3640 suscipit
1004 3561 1118 3639 peccat

96 3641 289 3726 mortaliter,
313 3642 390 3710 lieet
413 3643 494 3710 ordo
518 3649 649 3726 teneat,
686 3646 762 3738 quia
796 3647 878 3713 ordo
903 3665 971 3714 non
995 3649 1044 3714 est
1066 3665 1117 3713 sa·
