2608 4220
269 113 352 184 '522
594 132 640 184 nx
665 130 932 186 supernatura
990 191 999 200 ,
1025 191 1027 198 ,

596 339 776 426 pnnsno
799 339 874 408 xm.

306 527 398 590 De
422 527 809 591 sacramento
835 524 1213 590 matrimonii

237 616 302 681 in
317 620 609 696 quantum
626 619 723 679 est
740 612 1011 681 officium
1032 620 1283 681 naturae.

221 791 303 860 -d'rt
320 791 414 860 luln
436 794 671 859 matrimonium
687 793 738 858 ¹eit
758 791 794 857 dn
817 791 885 857 iure
907 797 1047 858 naturae.
1073 793 1111 876 ii.
1126 791 1191 872 Sic,
1206 793 1284 877 qnia

257 884 300 949 ab
323 886 385 950 hoc
408 888 528 950 natura
551 881 706 960 inclinat,
730 881 814 947 idest
851 883 894 947 ad
916 882 1060 964 prolem,
1084 885 1118 947 et
1141 884 1285 966 comple·

258 976 314 1038 tur
337 992 402 1058 per-
423 971 785 1049 liberumarbitrium,
808 975 842 1036 ct
863 971 910 1037 sic
934 990 995 1054 per
1016 971 1283 1051 matrimonium,

257 1066 291 1128 et
313 1067 418 1129 certos
440 1067 604 1146 parentes,
618 1061 677 1146 qni
701 1060 899 1143 impendant
913 1064 1067 1131 mutuum
1083 1061 1282 1148 obsequium

258 1152 293 1218 in
319 1155 417 1220 rebus
429 1152 625 1230 domesticis,
649 1154 682 1216 et
715 1151 792 1216 cum
827 1150 1046 1234 perfectione,
1069 1155 1103 1217 et
1124 1151 1176 1217 sic
1212 1171 1284 1218 non

258 1242 388 1309 suiticit·
402 1243 470 1309 sola
492 1241 674 1326 generatio.

235 1332 305 1400 Art.
320 1332 352 1401 2.
375 1331 425 1400 An
447 1333 681 1398 matrimonium
696 1329 786 1398 cadat
797 1330 852 1398 eut
866 1329 1034 1415 praerupto.
1052 1333 1087 1416 ri.
1104 1331 1286 1418 Nonquia

219 1455 222 1460 ·
257 1442 331 1506 qllae
352 1425 431 1489 sunt
454 1420 636 1488 necessaria
658 1423 701 1487 ad
717 1421 954 1505 perfectionem
969 1421 1196 1488 multitudinis
1211 1441 1283 1488 non

256 1512 404 1597 obligant
437 1529 712 1595 unumquemque
736 1530 795 1593 per
823 1512 965 1579 'modum
989 1510 1165 1596 praecepti:
1188 1513 1301 1592 sciti-l

155 1623 157 1628 ·
255 1601 301 1668 cit
323 1602 413 1686 quud
434 1600 637 1667 sufficienter
660 1600 761 1685 aliqui
786 1603 928 1667 nubant.

232 1691 303 1760 Art.
325 1691 357 1761 3.
381 1694 432 1758 An
447 1699 532 1758 uanis
554 1693 748 1758 matrimonii
770 1693 815 1757 sit
836 1692 949 1758 licitur.
975 1693 1012 1776 ri.
1034 1689 1081 1756 Ex
1103 1709 1139 1756 sc
1161 1695 1214 1757 eat
1245 1691 1285 1756 li-

254 1781 354 1861 citus,
385 1781 484 1848 etiam
517 1781 545 1846 si
578 1782 621 1846 sit
656 1801 732 1847 cum
763 1780 894 1846 intensa
929 1779 1157 1848 delectatione.
1185 1782 1282 1858 item,

247 1875 345 1937 *actus
367 1870 582 1948 matrimonii,
605 1873 639 1935 et
661 1868 815 1936 adulterii
839 1871 916 1936 licet
943 1871 1012 1937 sint
1034 1870 1122 1936 idem
1146 1870 1183 1938 in
1207 1890 1284 1956 spe-

253 1961 302 2026 cie
327 1965 465 2040 naturae,
489 1967 599 2026 tamen
624 1959 785 2025 differunt
808 1959 843 2026 in
867 1980 989 2045 genere
1013 1959 1124 2026 moris.
1300 2011 1301 2014 ,

220 2049 301 2116 ¹rtrt.
325 2050 357 2118 4.
379 2050 430 2119 An
452 2057 537 2117 antus
559 2051 752 2115 matrimonii
772 2051 818 2116 uit
836 2052 1024 2116 meritorius.
1040 2051 1077 2134 ui.
1101 2049 1133 2115 Si
1163 2070 1301 2119 eausa-2

253 2143 309 2204 tur
342 2161 361 2206 a
384 2139 517 2219 iustitia,
542 2139 626 2206 idest
663 2143 700 2204 ut
721 2140 871 2205 debitum
902 2141 1076 2218 reddatur,
1100 2139 1153 2205 vel
1177 2160 1197 2206 a
1224 2162 1281 2208 re·

252 2228 383 2313 ligione,
407 2234 446 2298 ut
470 2230 576 2312 proies
598 2230 641 2295 ad
663 2228 790 2294 cultum
813 2229 872 2296 Dei
895 2234 1100 2313 procreetur,
1122 2232 1173 2297 est
1204 2250 1281 2298 me·

252 2317 396 2408 ritanus,
418 2339 511 2387 secus
533 2321 615 2384 esset
639 2323 821 2403 peccatum.

600 2496 779 2585 ounsno
806 2497 896 2566 ιιι.

377 2687 468 2752 De
491 2682 901 2760 matrimonio,
925 2685 995 2748 ut
1018 2687 1115 2748 ost

510 2777 987 2864 sacramemtum.

222 2952 291 3026 Art.
314 2950 346 3021 l.
370 2951 420 3020 An
455 2954 686 3021 matrimonium
714 2952 758 3017 eit
778 2956 1008 3022 sacramentum.
1033 2952 1069 3036 i.
1093 2949 1164 3033 Sic,
1190 2951 1261 3038 qnia

245 3046 295 3108 est
316 3043 447 3128 signnm
477 3044 525 3110 rei
547 3063 665 3122 sacrae,
688 3043 722 3108 et
741 3038 895 3124 materia,
917 3043 951 3105 et
978 3041 1086 3108 turma
1108 3045 1193 3107 aunt
1217 3059 1256 3106 ac

245 3137 311 3212 tus,
335 3151 393 3199 seu
408 3171 411 3180 ι
426 3135 528 3200 verba
546 3177 549 3184 ·
564 3130 842 3200 contrahentium.
866 3129 963 3208 ltem,
989 3147 1058 3208 res,
1087 3138 1120 3196 ct
1157 3148 1259 3198 sacra

245 3225 397 3288 mentum
420 3227 469 3289 est
491 3221 646 3307 obligatio
675 3224 752 3287 nata
790 3240 832 3286 ex
862 3218 981 3286 tatibus
1011 3217 1140 3288 actibus
1179 3221 1259 3286 inte

247 3311 370 3392 virum,
393 3318 426 3380 ct
449 3313 633 3380 mulierem.
769 3333 772 3336 ·

221 3401 290 3467 Art.
313 3401 345 3470 i.
368 3400 417 3470 An
440 3405 673 3470 matrimonium
694 3399 830 3476 debuerit
851 3401 977 3467 imtitui
999 3407 1072 3466 anta
1096 3407 1259 3484 peccatum

247 3492 284 3574 li.
307 3490 348 3558 Ut
370 3493 544 3559 ordinatur
565 3493 607 3556 ud
632 3492 758 3574 prolem
781 3491 843 3557 tuit
872 3491 1062 3556 institutum
1087 3495 1166 3556 ante
1192 3507 1262 3574 pec·

246 3583 447 3661 natumsed
481 3585 518 3646 ut
540 3585 589 3646 est
627 3581 809 3646 remedium
838 3585 956 3646 contra
992 3584 1175 3662 peccatum,
1202 3575 1264 3645 init

247 3667 435 3736 institutum
459 3675 531 3752 post
554 3676 739 3752 peccatum:
766 3672 805 3734 ut
828 3670 925 3736 habet
946 3667 1261 3736 determinationem
1300 3729 1301 3760 ,
