<?xml version="1.0" encoding="UTF-8"?>
<!DOCTYPE html PUBLIC "-//W3C//DTD XHTML 1.0 Transitional//EN"
    "http://www.w3.org/TR/xhtml1/DTD/xhtml1-transitional.dtd">
<html xmlns="http://www.w3.org/1999/xhtml" xml:lang="en" lang="en">
 <head>
  <title>
</title>
<meta http-equiv="Content-Type" content="text/html;charset=utf-8" />
  <meta name='ocr-system' content='tesseract 3.04.00' />
  <meta name='ocr-capabilities' content='ocr_page ocr_carea ocr_par ocr_line ocrx_word'/>
</head>
<body>
  <div class='ocr_page' id='page_1' title='image "./theologicsummco00thomgoog_0235.png"; bbox 0 0 2632 4212; ppageno 0'>
   <div class='ocr_carea' id='block_1_1' title="bbox 162 271 1310 1172">
    <p class='ocr_par' dir='ltr' id='par_1_1' title="bbox 204 271 1305 436">
     <span class='ocr_line' id='line_1_1' title="bbox 257 271 1305 358; baseline -0.008 -14"><span class='ocrx_word' id='word_1_1' title='bbox 257 280 391 348; x_wconf 81' lang='lat' dir='ltr'><strong>videtur</strong></span> <span class='ocrx_word' id='word_1_2' title='bbox 424 278 546 343; x_wconf 86' lang='lat' dir='ltr'><strong>habere</strong></span> <span class='ocrx_word' id='word_1_3' title='bbox 580 275 787 358; x_wconf 79' lang='lat' dir='ltr'><strong>volontatem</strong></span> <span class='ocrx_word' id='word_1_4' title='bbox 817 272 931 340; x_wconf 83' lang='lat' dir='ltr'><strong>minus</strong></span> <span class='ocrx_word' id='word_1_5' title='bbox 966 272 1096 340; x_wconf 79' lang='lat' dir='ltr'><strong>firmam</strong></span> <span class='ocrx_word' id='word_1_6' title='bbox 1131 271 1178 336; x_wconf 88' lang='lat' dir='ltr'><strong>ad</strong></span> <span class='ocrx_word' id='word_1_7' title='bbox 1221 287 1305 356; x_wconf 85' lang='lat' dir='ltr'><strong>pec·</strong></span> 
     </span>
     <span class='ocr_line' id='line_1_2' title="bbox 204 368 1236 436; baseline -0.003 -1"><span class='ocrx_word' id='word_1_8' title='bbox 204 386 206 391; x_wconf 76' lang='grc'>’</span> <span class='ocrx_word' id='word_1_9' title='bbox 258 368 414 436; x_wconf 87' lang='lat' dir='ltr'><strong>candum.</strong></span> <span class='ocrx_word' id='word_1_10' title='bbox 1223 424 1236 432; x_wconf 88' lang='lat'><strong>.</strong></span> 
     </span>
    </p>

    <p class='ocr_par' dir='ltr' id='par_1_2' title="bbox 235 421 1310 634">
     <span class='ocr_line' id='line_1_3' title="bbox 235 451 1304 542; baseline -0.009 -14"><span class='ocrx_word' id='word_1_11' title='bbox 235 460 302 530; x_wconf 81' lang='lat' dir='ltr'><strong>Art.</strong></span> <span class='ocrx_word' id='word_1_12' title='bbox 326 457 357 530; x_wconf 82' lang='lat'><strong>3.</strong></span> <span class='ocrx_word' id='word_1_13' title='bbox 381 454 431 524; x_wconf 82' lang='lat' dir='ltr'><strong>do</strong></span> <span class='ocrx_word' id='word_1_14' title='bbox 450 455 646 542; x_wconf 68' lang='lat' dir='ltr'><strong>praesumptio</strong></span> <span class='ocrx_word' id='word_1_15' title='bbox 669 457 766 538; x_wconf 78' lang='lat' dir='ltr'><strong>coopto</strong></span> <span class='ocrx_word' id='word_1_16' title='bbox 789 459 959 540; x_wconf 84' lang='lat' dir='ltr'><strong>oppouotur</strong></span> <span class='ocrx_word' id='word_1_17' title='bbox 983 452 1089 521; x_wconf 80' lang='lat' dir='ltr'><strong>timori</strong></span> <span class='ocrx_word' id='word_1_18' title='bbox 1102 467 1205 538; x_wconf 77' lang='lat' dir='ltr'><strong>puoue</strong></span> <span class='ocrx_word' id='word_1_19' title='bbox 1220 451 1304 536; x_wconf 80' lang='lat' dir='ltr'><strong>spei.</strong></span> 
     </span>
     <span class='ocr_line' id='line_1_4' title="bbox 260 544 1310 634; baseline -0.015 -18"><span class='ocrx_word' id='word_1_20' title='bbox 260 553 295 634; x_wconf 69' lang='lat' dir='ltr'><strong>d.</strong></span> <span class='ocrx_word' id='word_1_21' title='bbox 318 547 480 615; x_wconf 89' lang='lat' dir='ltr'><strong>Direotius</strong></span> <span class='ocrx_word' id='word_1_22' title='bbox 502 547 582 632; x_wconf 85' lang='lat' dir='ltr'><strong>spei,</strong></span> <span class='ocrx_word' id='word_1_23' title='bbox 605 545 690 612; x_wconf 85' lang='lat' dir='ltr'><strong>siout</strong></span> <span class='ocrx_word' id='word_1_24' title='bbox 712 549 745 620; x_wconf 74' lang='lat' dir='ltr'><strong>ec</strong></span> <span class='ocrx_word' id='word_1_25' title='bbox 767 544 963 630; x_wconf 76' lang='lat' dir='ltr'><strong>desperatio.</strong></span> <span class='ocrx_word' id='word_1_26' title='bbox 1109 595 1114 620; x_wconf 76' lang='lat'><strong>,</strong></span> <span class='ocrx_word' id='word_1_27' title='bbox 1309 597 1310 600; x_wconf 74' lang='grc'>,</span> 
     </span>
    </p>

    <p class='ocr_par' dir='ltr' id='par_1_3' title="bbox 162 629 1310 1172">
     <span class='ocr_line' id='line_1_5' title="bbox 162 629 1310 742; baseline -0.009 -34"><span class='ocrx_word' id='word_1_28' title='bbox 162 649 165 654; x_wconf 85' lang='grc'><strong>“</strong></span> <span class='ocrx_word' id='word_1_29' title='bbox 236 638 304 708; x_wconf 80' lang='lat' dir='ltr'><strong>Art.</strong></span> <span class='ocrx_word' id='word_1_30' title='bbox 323 637 355 708; x_wconf 81' lang='lat' dir='ltr'><strong>lt.</strong></span> <span class='ocrx_word' id='word_1_31' title='bbox 378 636 428 706; x_wconf 78' lang='lat' dir='ltr'><strong>du</strong></span> <span class='ocrx_word' id='word_1_32' title='bbox 448 639 643 742; x_wconf 77' lang='lat' dir='ltr'><strong>praesumptio</strong></span> <span class='ocrx_word' id='word_1_33' title='bbox 667 643 807 708; x_wconf 74' lang='lat' dir='ltr'><strong>causetur</strong></span> <span class='ocrx_word' id='word_1_34' title='bbox 829 653 868 715; x_wconf 79' lang='lat' dir='ltr'><strong>ou</strong></span> <span class='ocrx_word' id='word_1_35' title='bbox 891 637 981 704; x_wconf 81' lang='lat' dir='ltr'><strong>ioouu&#39;</strong></span> <span class='ocrx_word' id='word_1_36' title='bbox 1002 635 1115 718; x_wconf 82' lang='lat' dir='ltr'><strong>plocio.</strong></span> <span class='ocrx_word' id='word_1_37' title='bbox 1150 633 1187 717; x_wconf 67' lang='lat' dir='ltr'><strong>d.</strong></span> <span class='ocrx_word' id='word_1_38' title='bbox 1220 629 1310 718; x_wconf 77' lang='lat' dir='ltr'><strong>stra.</strong></span> 
     </span>
     <span class='ocr_line' id='line_1_6' title="bbox 258 721 1310 814; baseline -0.006 -18"><span class='ocrx_word' id='word_1_39' title='bbox 258 749 332 814; x_wconf 84' lang='lat' dir='ltr'><strong>quae</strong></span> <span class='ocrx_word' id='word_1_40' title='bbox 361 727 518 805; x_wconf 75' lang='lat' dir='ltr'><strong>innititur</strong></span> <span class='ocrx_word' id='word_1_41' title='bbox 547 725 689 810; x_wconf 83' lang='lat' dir='ltr'><strong>propriae</strong></span> <span class='ocrx_word' id='word_1_42' title='bbox 718 725 834 792; x_wconf 88' lang='lat' dir='ltr'><strong>virtuti</strong></span> <span class='ocrx_word' id='word_1_43' title='bbox 865 729 997 792; x_wconf 73' lang='lat' dir='ltr'><strong>inritans</strong></span> <span class='ocrx_word' id='word_1_44' title='bbox 1019 723 1162 808; x_wconf 82' lang='lat' dir='ltr'><strong>aliquid,</strong></span> <span class='ocrx_word' id='word_1_45' title='bbox 1197 721 1310 806; x_wconf 67' lang='lat' dir='ltr'><strong>quodi</strong></span> 
     </span>
     <span class='ocr_line' id='line_1_7' title="bbox 258 813 1310 904; baseline -0.009 -20"><span class='ocrx_word' id='word_1_46' title='bbox 258 824 391 904; x_wconf 87' lang='lat' dir='ltr'><strong>superat.</strong></span> <span class='ocrx_word' id='word_1_47' title='bbox 412 837 507 883; x_wconf 86' lang='lat' dir='ltr'><strong>suam</strong></span> <span class='ocrx_word' id='word_1_48' title='bbox 532 818 699 894; x_wconf 81' lang='lat' dir='ltr'><strong>virtutem,</strong></span> <span class='ocrx_word' id='word_1_49' title='bbox 722 817 778 882; x_wconf 89' lang='lat' dir='ltr'><strong>sic.</strong></span> <span class='ocrx_word' id='word_1_50' title='bbox 806 815 886 880; x_wconf 81' lang='lat' dir='ltr'><strong>lton</strong></span> <span class='ocrx_word' id='word_1_51' title='bbox 909 833 983 900; x_wconf 80' lang='lat' dir='ltr'><strong>quae</strong></span> <span class='ocrx_word' id='word_1_52' title='bbox 1006 813 1165 880; x_wconf 84' lang='lat' dir='ltr'><strong>innititur</strong></span> <span class='ocrx_word' id='word_1_53' title='bbox 1190 813 1310 878; x_wconf 62' lang='lat' dir='ltr'><strong>mise-t</strong></span> 
     </span>
     <span class='ocr_line' id='line_1_8' title="bbox 260 901 1310 992; baseline -0.008 -18"><span class='ocrx_word' id='word_1_54' title='bbox 260 908 412 985; x_wconf 85' lang='lat' dir='ltr'><strong>ricordiae</strong></span> <span class='ocrx_word' id='word_1_55' title='bbox 436 907 492 992; x_wconf 83' lang='lat' dir='ltr'><strong>Dei</strong></span> <span class='ocrx_word' id='word_1_56' title='bbox 515 906 715 984; x_wconf 86' lang='lat' dir='ltr'><strong>inordinate,</strong></span> <span class='ocrx_word' id='word_1_57' title='bbox 739 925 819 983; x_wconf 94' lang='lat' dir='ltr'><strong>non,</strong></span> <span class='ocrx_word' id='word_1_58' title='bbox 841 905 899 972; x_wconf 89' lang='lat' dir='ltr'><strong>sed</strong></span> <span class='ocrx_word' id='word_1_59' title='bbox 924 903 1030 988; x_wconf 80' lang='lat' dir='ltr'><strong>potius</strong></span> <span class='ocrx_word' id='word_1_60' title='bbox 1054 925 1095 990; x_wconf 69' lang='lat' dir='ltr'><strong>eu</strong></span> <span class='ocrx_word' id='word_1_61' title='bbox 1116 901 1310 988; x_wconf 77' lang='lat' dir='ltr'><strong>superbia,</strong></span> 
     </span>
     <span class='ocr_line' id='line_1_9' title="bbox 258 988 1299 1083; baseline -0.009 -19"><span class='ocrx_word' id='word_1_62' title='bbox 258 991 335 1083; x_wconf 86' lang='lat' dir='ltr'><strong>quia</strong></span> <span class='ocrx_word' id='word_1_63' title='bbox 357 1017 392 1063; x_wconf 88' lang='lat' dir='ltr'><strong>se</strong></span> <span class='ocrx_word' id='word_1_64' title='bbox 417 1001 546 1062; x_wconf 89' lang='lat' dir='ltr'><strong>tantum</strong></span> <span class='ocrx_word' id='word_1_65' title='bbox 570 997 693 1062; x_wconf 83' lang='lat' dir='ltr'><strong>eximat</strong></span> <span class='ocrx_word' id='word_1_66' title='bbox 715 1000 752 1062; x_wconf 91' lang='lat' dir='ltr'><strong>ut</strong></span> <span class='ocrx_word' id='word_1_67' title='bbox 775 994 861 1061; x_wconf 85' lang='lat' dir='ltr'><strong>Deus</strong></span> <span class='ocrx_word' id='word_1_68' title='bbox 883 1013 959 1060; x_wconf 82' lang='lat' dir='ltr'><strong>oum</strong></span> <span class='ocrx_word' id='word_1_69' title='bbox 973 988 1190 1078; x_wconf 82' lang='lat' dir='ltr'><strong>&#39;peccatorem</strong></span> <span class='ocrx_word' id='word_1_70' title='bbox 1222 1012 1299 1056; x_wconf 91' lang='lat' dir='ltr'><strong>non</strong></span> 
     </span>
     <span class='ocr_line' id='line_1_10' title="bbox 261 1085 732 1172; baseline -0.006 -18"><span class='ocrx_word' id='word_1_71' title='bbox 261 1087 385 1172; x_wconf 83' lang='lat' dir='ltr'><strong>puniat,</strong></span> <span class='ocrx_word' id='word_1_72' title='bbox 412 1088 462 1152; x_wconf 88' lang='lat' dir='ltr'><strong>vel</strong></span> <span class='ocrx_word' id='word_1_73' title='bbox 487 1085 732 1172; x_wconf 76' lang='lat' dir='ltr'><strong>gloriuprivet.</strong></span> 
     </span>
    </p>
   </div>
   <div class='ocr_carea' id='block_1_2' title="bbox 613 1203 907 1350">
    <p class='ocr_par' dir='ltr' id='par_1_4' title="bbox 613 1203 907 1350">
     <span class='ocr_line' id='line_1_11' title="bbox 613 1203 907 1350; baseline -0.017 -15"><span class='ocrx_word' id='word_1_74' title='bbox 613 1263 792 1350; x_wconf 72' lang='lat' dir='ltr'>QUAESTIO</span> <span class='ocrx_word' id='word_1_75' title='bbox 815 1203 907 1331; x_wconf 67' lang='lat' dir='ltr'><strong>Xiili.</strong></span> 
     </span>
    </p>
   </div>
   <div class='ocr_carea' id='block_1_3' title="bbox 256 1405 1283 1627">
    <p class='ocr_par' dir='ltr' id='par_1_5' title="bbox 256 1405 1283 1627">
     <span class='ocr_line' id='line_1_12' title="bbox 256 1405 1283 1530; baseline -0.007 -13"><span class='ocrx_word' id='word_1_76' title='bbox 256 1451 347 1518; x_wconf 84' lang='lat' dir='ltr'><strong>De</strong></span> <span class='ocrx_word' id='word_1_77' title='bbox 369 1405 739 1530; x_wconf 64' lang='lat' dir='ltr'><strong>praeceptis,</strong></span> <span class='ocrx_word' id='word_1_78' title='bbox 765 1463 921 1528; x_wconf 84' lang='lat' dir='ltr'><strong>quae</strong></span> <span class='ocrx_word' id='word_1_79' title='bbox 950 1445 1283 1526; x_wconf 78' lang='lat' dir='ltr'><strong>pertinent</strong></span> 
     </span>
     <span class='ocr_line' id='line_1_13' title="bbox 327 1539 1237 1627; baseline -0.004 -20"><span class='ocrx_word' id='word_1_80' title='bbox 327 1613 349 1627; x_wconf 35' lang='grc' dir='ltr'>Η</span> <span class='ocrx_word' id='word_1_81' title='bbox 405 1540 481 1606; x_wconf 84' lang='lat' dir='ltr'><strong>ad</strong></span> <span class='ocrx_word' id='word_1_82' title='bbox 505 1539 1115 1622; x_wconf 72' lang='lat' dir='ltr'><strong>spem‚etaimorem.</strong></span> <span class='ocrx_word' id='word_1_83' title='bbox 1175 1556 1183 1572; x_wconf 88' lang='lat'><strong>·</strong></span> <span class='ocrx_word' id='word_1_84' title='bbox 1231 1571 1237 1587; x_wconf 92' lang='lat'><strong>·</strong></span> 
     </span>
    </p>
   </div>
   <div class='ocr_carea' id='block_1_4' title="bbox 127 1707 1302 2884">
    <p class='ocr_par' dir='ltr' id='par_1_6' title="bbox 240 1707 1302 1810">
     <span class='ocr_line' id='line_1_14' title="bbox 240 1707 1302 1810; baseline -0.008 -22"><span class='ocrx_word' id='word_1_85' title='bbox 240 1719 307 1788; x_wconf 78' lang='lat' dir='ltr'><strong>Art.</strong></span> <span class='ocrx_word' id='word_1_86' title='bbox 331 1714 362 1810; x_wconf 66' lang='lat' dir='ltr'><strong>i.</strong></span> <span class='ocrx_word' id='word_1_87' title='bbox 386 1717 435 1788; x_wconf 81' lang='lat' dir='ltr'><strong>Au</strong></span> <span class='ocrx_word' id='word_1_88' title='bbox 457 1717 492 1788; x_wconf 78' lang='lat' dir='ltr'><strong>to</strong></span> <span class='ocrx_word' id='word_1_89' title='bbox 513 1737 563 1802; x_wconf 84' lang='lat' dir='ltr'><strong>spo</strong></span> <span class='ocrx_word' id='word_1_90' title='bbox 586 1707 778 1786; x_wconf 82' lang='lat' dir='ltr'><strong>dcbcot&#39;dorc&#39;</strong></span> <span class='ocrx_word' id='word_1_91' title='bbox 800 1715 924 1802; x_wconf 82' lang='lat' dir='ltr'><strong>oiipuod</strong></span> <span class='ocrx_word' id='word_1_92' title='bbox 945 1722 1137 1801; x_wconf 82' lang='lat' dir='ltr'><strong>proruptum.</strong></span> <span class='ocrx_word' id='word_1_93' title='bbox 1169 1711 1207 1800; x_wconf 65' lang='lat' dir='ltr'><strong>d.</strong></span> <span class='ocrx_word' id='word_1_94' title='bbox 1241 1713 1302 1780; x_wconf 90' lang='lat' dir='ltr'><strong>Sic</strong></span> 
     </span>
    </p>

    <p class='ocr_par' dir='ltr' id='par_1_7' title="bbox 263 1806 1302 1895">
     <span class='ocr_line' id='line_1_15' title="bbox 263 1806 1302 1895; baseline -0.006 -19"><span class='ocrx_word' id='word_1_95' title='bbox 263 1831 322 1895; x_wconf 90' lang='lat' dir='ltr'><strong>per</strong></span> <span class='ocrx_word' id='word_1_96' title='bbox 349 1811 485 1876; x_wconf 87' lang='lat' dir='ltr'><strong>modum</strong></span> <span class='ocrx_word' id='word_1_97' title='bbox 515 1808 756 1892; x_wconf 80' lang='lat' dir='ltr'><strong>promissionis,</strong></span> <span class='ocrx_word' id='word_1_98' title='bbox 790 1809 875 1894; x_wconf 86' lang='lat' dir='ltr'><strong>sicut</strong></span> <span class='ocrx_word' id='word_1_99' title='bbox 907 1809 950 1874; x_wconf 88' lang='lat' dir='ltr'><strong>de</strong></span> <span class='ocrx_word' id='word_1_100' title='bbox 976 1807 1042 1884; x_wconf 86' lang='lat' dir='ltr'><strong>fide</strong></span> <span class='ocrx_word' id='word_1_101' title='bbox 1065 1825 1122 1890; x_wconf 90' lang='lat' dir='ltr'><strong>per</strong></span> <span class='ocrx_word' id='word_1_102' title='bbox 1146 1806 1302 1872; x_wconf 87' lang='lat' dir='ltr'><strong>modum</strong></span> 
     </span>
    </p>

    <p class='ocr_par' dir='ltr' id='par_1_8' title="bbox 127 1895 1302 2169">
     <span class='ocr_line' id='line_1_16' title="bbox 147 1895 1302 1986; baseline -0.005 -18"><span class='ocrx_word' id='word_1_103' title='bbox 147 1907 149 1912; x_wconf 85' lang='lat'>&#39;</span> <span class='ocrx_word' id='word_1_104' title='bbox 262 1901 538 1980; x_wconf 73' lang='lat' dir='ltr'><strong>denuntiationis,</strong></span> <span class='ocrx_word' id='word_1_105' title='bbox 562 1897 638 1986; x_wconf 88' lang='lat' dir='ltr'><strong>qnia</strong></span> <span class='ocrx_word' id='word_1_106' title='bbox 662 1900 742 1964; x_wconf 85' lang='lat' dir='ltr'><strong>tides</strong></span> <span class='ocrx_word' id='word_1_107' title='bbox 765 1903 799 1964; x_wconf 87' lang='lat' dir='ltr'><strong>et</strong></span> <span class='ocrx_word' id='word_1_108' title='bbox 819 1918 893 1982; x_wconf 88' lang='lat' dir='ltr'><strong>spes</strong></span> <span class='ocrx_word' id='word_1_109' title='bbox 914 1900 993 1966; x_wconf 84' lang='lat' dir='ltr'><strong>sunt</strong></span> <span class='ocrx_word' id='word_1_110' title='bbox 1017 1895 1223 1980; x_wconf 76' lang='lat' dir='ltr'><strong>praeambula</strong></span> <span class='ocrx_word' id='word_1_111' title='bbox 1252 1897 1302 1962; x_wconf 88' lang='lat' dir='ltr'><strong>ad</strong></span> 
     </span>
     <span class='ocr_line' id='line_1_17' title="bbox 127 1987 1302 2074; baseline -0.004 -19"><span class='ocrx_word' id='word_1_112' title='bbox 127 1992 128 1996; x_wconf 72' lang='grc'>’</span> <span class='ocrx_word' id='word_1_113' title='bbox 253 1992 384 2074; x_wconf 73' lang='lat' dir='ltr'><strong>dapem,</strong></span> <span class='ocrx_word' id='word_1_114' title='bbox 409 1996 446 2056; x_wconf 89' lang='lat' dir='ltr'><strong>ut</strong></span> <span class='ocrx_word' id='word_1_115' title='bbox 468 1992 583 2068; x_wconf 87' lang='lat' dir='ltr'><strong>detur,</strong></span> <span class='ocrx_word' id='word_1_116' title='bbox 607 1992 639 2054; x_wconf 88' lang='lat' dir='ltr'><strong>et</strong></span> <span class='ocrx_word' id='word_1_117' title='bbox 663 1993 699 2054; x_wconf 88' lang='lat' dir='ltr'><strong>ut</strong></span> <span class='ocrx_word' id='word_1_118' title='bbox 722 1991 928 2054; x_wconf 85' lang='lat' dir='ltr'><strong>observetur.</strong></span> <span class='ocrx_word' id='word_1_119' title='bbox 959 1987 1039 2055; x_wconf 84' lang='lat' dir='ltr'><strong>item</strong></span> <span class='ocrx_word' id='word_1_120' title='bbox 1070 1990 1190 2052; x_wconf 81' lang='lat' dir='ltr'><strong>natura</strong></span> <span class='ocrx_word' id='word_1_121' title='bbox 1219 1987 1302 2050; x_wconf 83' lang='lat' dir='ltr'><strong>sus·</strong></span> 
     </span>
     <span class='ocr_line' id='line_1_18' title="bbox 262 2078 1301 2169; baseline -0.007 -23"><span class='ocrx_word' id='word_1_122' title='bbox 262 2081 413 2169; x_wconf 68' lang='lat' dir='ltr'><strong>sicienter</strong></span> <span class='ocrx_word' id='word_1_123' title='bbox 441 2101 509 2148; x_wconf 93' lang='lat' dir='ltr'><strong>non</strong></span> <span class='ocrx_word' id='word_1_124' title='bbox 545 2078 684 2144; x_wconf 85' lang='lat' dir='ltr'><strong>inclinat</strong></span> <span class='ocrx_word' id='word_1_125' title='bbox 712 2080 755 2144; x_wconf 89' lang='lat' dir='ltr'><strong>ad</strong></span> <span class='ocrx_word' id='word_1_126' title='bbox 782 2079 984 2162; x_wconf 82' lang='lat' dir='ltr'><strong>sperandum</strong></span> <span class='ocrx_word' id='word_1_127' title='bbox 1015 2079 1142 2143; x_wconf 88' lang='lat' dir='ltr'><strong>honum</strong></span> <span class='ocrx_word' id='word_1_128' title='bbox 1167 2093 1301 2158; x_wconf 86' lang='lat' dir='ltr'><strong>supra·</strong></span> 
     </span>
    </p>

    <p class='ocr_par' dir='ltr' id='par_1_9' title="bbox 262 2167 875 2248">
     <span class='ocr_line' id='line_1_19' title="bbox 262 2167 875 2248; baseline 0 -14"><span class='ocrx_word' id='word_1_129' title='bbox 262 2169 422 2248; x_wconf 83' lang='lat' dir='ltr'><strong>naturaie,</strong></span> <span class='ocrx_word' id='word_1_130' title='bbox 445 2171 502 2234; x_wconf 88' lang='lat' dir='ltr'><strong>scd</strong></span> <span class='ocrx_word' id='word_1_131' title='bbox 527 2168 686 2248; x_wconf 81' lang='lat' dir='ltr'><strong>naturale,</strong></span> <span class='ocrx_word' id='word_1_132' title='bbox 711 2167 790 2234; x_wconf 87' lang='lat' dir='ltr'><strong>hinc</strong></span> <span class='ocrx_word' id='word_1_133' title='bbox 813 2169 875 2242; x_wconf 78' lang='lat' dir='ltr'><strong>lex,</strong></span> 
     </span>
    </p>

    <p class='ocr_par' dir='ltr' id='par_1_10' title="bbox 239 2255 1297 2614">
     <span class='ocr_line' id='line_1_20' title="bbox 239 2255 1296 2342; baseline 0 -18"><span class='ocrx_word' id='word_1_134' title='bbox 239 2257 317 2326; x_wconf 76' lang='lat' dir='ltr'><strong>Art.</strong></span> <span class='ocrx_word' id='word_1_135' title='bbox 330 2257 362 2324; x_wconf 80' lang='lat'><strong>2.</strong></span> <span class='ocrx_word' id='word_1_136' title='bbox 384 2255 433 2324; x_wconf 82' lang='lat' dir='ltr'><strong>do</strong></span> <span class='ocrx_word' id='word_1_137' title='bbox 463 2257 497 2324; x_wconf 85' lang='lat' dir='ltr'><strong>do</strong></span> <span class='ocrx_word' id='word_1_138' title='bbox 521 2260 627 2340; x_wconf 83' lang='lat' dir='ltr'><strong>timore</strong></span> <span class='ocrx_word' id='word_1_139' title='bbox 655 2260 753 2342; x_wconf 74' lang='lat' dir='ltr'><strong>fucrit</strong></span> <span class='ocrx_word' id='word_1_140' title='bbox 778 2255 910 2336; x_wconf 64' lang='lat' dir='ltr'><strong>tondum,</strong></span> <span class='ocrx_word' id='word_1_141' title='bbox 941 2255 1065 2340; x_wconf 78' lang='lat' dir='ltr'><strong>otipuod</strong></span> <span class='ocrx_word' id='word_1_142' title='bbox 1089 2257 1296 2339; x_wconf 72' lang='lat' dir='ltr'><strong>proseptum.</strong></span> 
     </span>
     <span class='ocr_line' id='line_1_21' title="bbox 261 2340 1297 2434; baseline -0.001 -21"><span class='ocrx_word' id='word_1_143' title='bbox 261 2345 330 2428; x_wconf 89' lang='lat' dir='ltr'><strong>Sic,</strong></span> <span class='ocrx_word' id='word_1_144' title='bbox 354 2348 395 2414; x_wconf 82' lang='lat' dir='ltr'><strong>de</strong></span> <span class='ocrx_word' id='word_1_145' title='bbox 418 2348 536 2415; x_wconf 86' lang='lat' dir='ltr'><strong>timore</strong></span> <span class='ocrx_word' id='word_1_146' title='bbox 560 2347 650 2414; x_wconf 84' lang='lat' dir='ltr'><strong>tttiati</strong></span> <span class='ocrx_word' id='word_1_147' title='bbox 671 2351 796 2415; x_wconf 91' lang='lat' dir='ltr'><strong>dantur</strong></span> <span class='ocrx_word' id='word_1_148' title='bbox 819 2349 854 2413; x_wconf 92' lang='lat' dir='ltr'><strong>in</strong></span> <span class='ocrx_word' id='word_1_149' title='bbox 878 2349 949 2434; x_wconf 72' lang='lat' dir='ltr'><strong>lupe</strong></span> <span class='ocrx_word' id='word_1_150' title='bbox 971 2340 1151 2431; x_wconf 73' lang='lat' dir='ltr'><strong>praecepta3</strong></span> <span class='ocrx_word' id='word_1_151' title='bbox 1181 2349 1221 2412; x_wconf 85' lang='lat' dir='ltr'><strong>ut</strong></span> <span class='ocrx_word' id='word_1_152' title='bbox 1247 2348 1297 2412; x_wconf 85' lang='lat' dir='ltr'><strong>de</strong></span> 
     </span>
     <span class='ocr_line' id='line_1_22' title="bbox 261 2433 1296 2525; baseline -0.002 -23"><span class='ocrx_word' id='word_1_153' title='bbox 261 2437 457 2524; x_wconf 82' lang='lat' dir='ltr'><strong>ditectione3</strong></span> <span class='ocrx_word' id='word_1_154' title='bbox 488 2438 564 2525; x_wconf 85' lang='lat' dir='ltr'><strong>quia</strong></span> <span class='ocrx_word' id='word_1_155' title='bbox 594 2442 643 2504; x_wconf 84' lang='lat' dir='ltr'><strong>est</strong></span> <span class='ocrx_word' id='word_1_156' title='bbox 672 2438 889 2522; x_wconf 86' lang='lat' dir='ltr'><strong>principium,</strong></span> <span class='ocrx_word' id='word_1_157' title='bbox 924 2455 985 2520; x_wconf 88' lang='lat' dir='ltr'><strong>pro</strong></span> <span class='ocrx_word' id='word_1_158' title='bbox 1009 2434 1198 2516; x_wconf 81' lang='lat' dir='ltr'><strong>reverentia</strong></span> <span class='ocrx_word' id='word_1_159' title='bbox 1227 2433 1296 2500; x_wconf 86' lang='lat' dir='ltr'><strong>Dei</strong></span> 
     </span>
     <span class='ocr_line' id='line_1_23' title="bbox 262 2523 1296 2614; baseline -0.003 -21"><span class='ocrx_word' id='word_1_160' title='bbox 262 2526 417 2595; x_wconf 84' lang='lat' dir='ltr'><strong>servandi</strong></span> <span class='ocrx_word' id='word_1_161' title='bbox 441 2531 512 2613; x_wconf 75' lang='lat' dir='ltr'><strong>eius</strong></span> <span class='ocrx_word' id='word_1_162' title='bbox 535 2533 708 2614; x_wconf 79' lang='lat' dir='ltr'><strong>praecepta.</strong></span> <span class='ocrx_word' id='word_1_163' title='bbox 734 2528 814 2594; x_wconf 83' lang='lat' dir='ltr'><strong>item</strong></span> <span class='ocrx_word' id='word_1_164' title='bbox 837 2523 885 2594; x_wconf 84' lang='lat' dir='ltr'><strong>de</strong></span> <span class='ocrx_word' id='word_1_165' title='bbox 903 2527 1024 2594; x_wconf 86' lang='lat' dir='ltr'><strong>iimore</strong></span> <span class='ocrx_word' id='word_1_166' title='bbox 1039 2525 1151 2608; x_wconf 68' lang='lat' dir='ltr'><strong>serviti</strong></span> <span class='ocrx_word' id='word_1_167' title='bbox 1167 2523 1205 2592; x_wconf 93' lang='lat' dir='ltr'><strong>in</strong></span> <span class='ocrx_word' id='word_1_168' title='bbox 1222 2525 1296 2590; x_wconf 92' lang='lat' dir='ltr'><strong>ini·</strong></span> 
     </span>
    </p>

    <p class='ocr_par' dir='ltr' id='par_1_11' title="bbox 249 2616 1293 2702">
     <span class='ocr_line' id='line_1_24' title="bbox 249 2616 1293 2702; baseline -0.005 -19"><span class='ocrx_word' id='word_1_169' title='bbox 249 2618 318 2684; x_wconf 86' lang='lat' dir='ltr'><strong>¹tio·</strong></span> <span class='ocrx_word' id='word_1_170' title='bbox 333 2639 401 2686; x_wconf 91' lang='lat' dir='ltr'><strong>non</strong></span> <span class='ocrx_word' id='word_1_171' title='bbox 425 2619 488 2686; x_wconf 86' lang='lat' dir='ltr'><strong>init</strong></span> <span class='ocrx_word' id='word_1_172' title='bbox 510 2621 625 2686; x_wconf 85' lang='lat' dir='ltr'><strong>datum</strong></span> <span class='ocrx_word' id='word_1_173' title='bbox 650 2625 853 2702; x_wconf 85' lang='lat' dir='ltr'><strong>praeceptum</strong></span> <span class='ocrx_word' id='word_1_174' title='bbox 876 2637 935 2702; x_wconf 84' lang='lat' dir='ltr'><strong>per</strong></span> <span class='ocrx_word' id='word_1_175' title='bbox 958 2617 1094 2687; x_wconf 84' lang='lat' dir='ltr'><strong>modurn</strong></span> <span class='ocrx_word' id='word_1_176' title='bbox 1110 2616 1293 2700; x_wconf 79' lang='lat' dir='ltr'><strong>praecepti;</strong></span> 
     </span>
    </p>

    <p class='ocr_par' dir='ltr' id='par_1_12' title="bbox 261 2703 1293 2884">
     <span class='ocr_line' id='line_1_25' title="bbox 261 2703 1293 2792; baseline -0.006 -19"><span class='ocrx_word' id='word_1_177' title='bbox 261 2707 318 2773; x_wconf 92' lang='lat' dir='ltr'><strong>sed</strong></span> <span class='ocrx_word' id='word_1_178' title='bbox 342 2707 587 2777; x_wconf 80' lang='lat' dir='ltr'><strong>inducebantur</strong></span> <span class='ocrx_word' id='word_1_179' title='bbox 611 2707 762 2775; x_wconf 88' lang='lat' dir='ltr'><strong>homines</strong></span> <span class='ocrx_word' id='word_1_180' title='bbox 780 2727 840 2792; x_wconf 87' lang='lat' dir='ltr'><strong>per</strong></span> <span class='ocrx_word' id='word_1_181' title='bbox 855 2708 991 2776; x_wconf 87' lang='lat' dir='ltr'><strong>modum</strong></span> <span class='ocrx_word' id='word_1_182' title='bbox 1013 2703 1293 2777; x_wconf 77' lang='lat' dir='ltr'><strong>comminationis</strong></span> 
     </span>
     <span class='ocr_line' id='line_1_26' title="bbox 261 2793 1291 2884; baseline -0.007 -20"><span class='ocrx_word' id='word_1_183' title='bbox 261 2816 448 2882; x_wconf 87' lang='lat' dir='ltr'><strong>poenarum,</strong></span> <span class='ocrx_word' id='word_1_184' title='bbox 460 2799 598 2868; x_wconf 86' lang='lat' dir='ltr'><strong>sicutad</strong></span> <span class='ocrx_word' id='word_1_185' title='bbox 610 2803 721 2866; x_wconf 86' lang='lat' dir='ltr'><strong>actum</strong></span> <span class='ocrx_word' id='word_1_186' title='bbox 730 2798 800 2884; x_wconf 85' lang='lat' dir='ltr'><strong>spei</strong></span> <span class='ocrx_word' id='word_1_187' title='bbox 816 2797 1028 2883; x_wconf 74' lang='lat' dir='ltr'><strong>posmodum</strong></span> <span class='ocrx_word' id='word_1_188' title='bbox 1046 2793 1291 2884; x_wconf 84' lang='lat' dir='ltr'><strong>promissionis.</strong></span> 
     </span>
    </p>
   </div>
   <div class='ocr_carea' id='block_1_5' title="bbox 306 2949 1213 3235">
    <p class='ocr_par' dir='ltr' id='par_1_13' title="bbox 306 2949 1213 3235">
     <span class='ocr_line' id='line_1_27' title="bbox 606 2949 915 3066; baseline -0.01 -19"><span class='ocrx_word' id='word_1_189' title='bbox 606 2949 786 3066; x_wconf 78' lang='lat' dir='ltr'><strong>pumsrto</strong></span> <span class='ocrx_word' id='word_1_190' title='bbox 808 2977 915 3050; x_wconf 80' lang='lat' dir='ltr'><strong>xxnr.</strong></span> 
     </span>
     <span class='ocr_line' id='line_1_28' title="bbox 306 3157 1213 3235; baseline -0.002 -7"><span class='ocrx_word' id='word_1_191' title='bbox 306 3162 403 3228; x_wconf 82' lang='lat' dir='ltr'><strong>-De</strong></span> <span class='ocrx_word' id='word_1_192' title='bbox 427 3164 732 3232; x_wconf 67' lang='lat' dir='ltr'><strong>ohan-itate</strong></span> <span class='ocrx_word' id='word_1_193' title='bbox 761 3157 1100 3235; x_wconf 76' lang='lat' dir='ltr'><strong>secundum</strong></span> <span class='ocrx_word' id='word_1_194' title='bbox 1125 3170 1213 3228; x_wconf 80' lang='lat' dir='ltr'><strong>se.</strong></span> 
     </span>
    </p>
   </div>
   <div class='ocr_carea' id='block_1_6' title="bbox 236 3335 1288 3874">
    <p class='ocr_par' dir='ltr' id='par_1_14' title="bbox 236 3335 1288 3874">
     <span class='ocr_line' id='line_1_29' title="bbox 236 3335 1288 3428; baseline -0.004 -20"><span class='ocrx_word' id='word_1_195' title='bbox 236 3339 361 3425; x_wconf 66' lang='lat' dir='ltr'><strong>Artd.</strong></span> <span class='ocrx_word' id='word_1_196' title='bbox 387 3335 438 3412; x_wconf 80' lang='lat' dir='ltr'><strong>Ao</strong></span> <span class='ocrx_word' id='word_1_197' title='bbox 460 3340 594 3408; x_wconf 72' lang='lat' dir='ltr'><strong>ctorem</strong></span> <span class='ocrx_word' id='word_1_198' title='bbox 627 3343 672 3406; x_wconf 84' lang='lat' dir='ltr'><strong>sit</strong></span> <span class='ocrx_word' id='word_1_199' title='bbox 703 3343 853 3417; x_wconf 72' lang='lat' dir='ltr'><strong>contuitio.</strong></span> <span class='ocrx_word' id='word_1_200' title='bbox 888 3344 922 3428; x_wconf 69' lang='lat' dir='ltr'><strong>d.</strong></span> <span class='ocrx_word' id='word_1_201' title='bbox 958 3341 1026 3419; x_wconf 88' lang='lat' dir='ltr'><strong>Sic,</strong></span> <span class='ocrx_word' id='word_1_202' title='bbox 1062 3337 1205 3406; x_wconf 80' lang='lat' dir='ltr'><strong>leominis</strong></span> <span class='ocrx_word' id='word_1_203' title='bbox 1241 3338 1288 3404; x_wconf 86' lang='lat' dir='ltr'><strong>ad</strong></span> 
     </span>
     <span class='ocr_line' id='line_1_30' title="bbox 262 3428 1288 3517; baseline -0.005 -19"><span class='ocrx_word' id='word_1_204' title='bbox 262 3432 383 3513; x_wconf 82' lang='lat' dir='ltr'><strong>Deum,</strong></span> <span class='ocrx_word' id='word_1_205' title='bbox 410 3431 488 3517; x_wconf 84' lang='lat' dir='ltr'><strong>quia</strong></span> <span class='ocrx_word' id='word_1_206' title='bbox 514 3436 564 3497; x_wconf 88' lang='lat' dir='ltr'><strong>est</strong></span> <span class='ocrx_word' id='word_1_207' title='bbox 590 3450 682 3498; x_wconf 87' lang='lat' dir='ltr'><strong>amor</strong></span> <span class='ocrx_word' id='word_1_208' title='bbox 710 3451 785 3500; x_wconf 78' lang='lat' dir='ltr'><strong>cunr</strong></span> <span class='ocrx_word' id='word_1_209' title='bbox 814 3436 929 3500; x_wconf 87' lang='lat' dir='ltr'><strong>mutua</strong></span> <span class='ocrx_word' id='word_1_210' title='bbox 953 3428 1183 3501; x_wconf 79' lang='lat' dir='ltr'><strong>benevolentia</strong></span> <span class='ocrx_word' id='word_1_211' title='bbox 1207 3428 1288 3496; x_wconf 82' lang='lat' dir='ltr'><strong>tun·</strong></span> 
     </span>
     <span class='ocr_line' id='line_1_31' title="bbox 261 3517 1286 3607; baseline -0.005 -21"><span class='ocrx_word' id='word_1_212' title='bbox 261 3522 357 3601; x_wconf 78' lang='lat' dir='ltr'><strong>datus</strong></span> <span class='ocrx_word' id='word_1_213' title='bbox 385 3541 485 3606; x_wconf 85' lang='lat' dir='ltr'><strong>super</strong></span> <span class='ocrx_word' id='word_1_214' title='bbox 513 3523 827 3602; x_wconf 80' lang='lat' dir='ltr'><strong>communicatione,</strong></span> <span class='ocrx_word' id='word_1_215' title='bbox 855 3541 953 3607; x_wconf 87' lang='lat' dir='ltr'><strong>quam</strong></span> <span class='ocrx_word' id='word_1_216' title='bbox 978 3522 1063 3587; x_wconf 89' lang='lat' dir='ltr'><strong>Deus</strong></span> <span class='ocrx_word' id='word_1_217' title='bbox 1086 3519 1164 3587; x_wconf 85' lang='lat' dir='ltr'><strong>tacit</strong></span> <span class='ocrx_word' id='word_1_218' title='bbox 1186 3517 1286 3588; x_wconf 86' lang='lat' dir='ltr'><strong>uobis</strong></span> 
     </span>
     <span class='ocr_line' id='line_1_32' title="bbox 260 3609 1286 3697; baseline -0.004 -17"><span class='ocrx_word' id='word_1_219' title='bbox 260 3613 302 3680; x_wconf 86' lang='lat' dir='ltr'><strong>dc</strong></span> <span class='ocrx_word' id='word_1_220' title='bbox 323 3631 381 3680; x_wconf 85' lang='lat' dir='ltr'><strong>sua</strong></span> <span class='ocrx_word' id='word_1_221' title='bbox 405 3611 625 3692; x_wconf 73' lang='lat' dir='ltr'><strong>beatitudino;</strong></span> <span class='ocrx_word' id='word_1_222' title='bbox 654 3614 713 3678; x_wconf 88' lang='lat' dir='ltr'><strong>sod</strong></span> <span class='ocrx_word' id='word_1_223' title='bbox 736 3612 870 3697; x_wconf 85' lang='lat' dir='ltr'><strong>quando</strong></span> <span class='ocrx_word' id='word_1_224' title='bbox 891 3614 998 3680; x_wconf 89' lang='lat' dir='ltr'><strong>sotum</strong></span> <span class='ocrx_word' id='word_1_225' title='bbox 1019 3609 1200 3696; x_wconf 70' lang='lat' dir='ltr'><strong>querimus</strong></span> <span class='ocrx_word' id='word_1_226' title='bbox 1220 3610 1286 3676; x_wconf 79' lang='lat' dir='ltr'><strong>ito·</strong></span> 
     </span>
     <span class='ocr_line' id='line_1_33' title="bbox 261 3701 1283 3780; baseline -0.005 -14"><span class='ocrx_word' id='word_1_227' title='bbox 261 3720 342 3766; x_wconf 89' lang='lat' dir='ltr'><strong>num</strong></span> <span class='ocrx_word' id='word_1_228' title='bbox 373 3707 523 3768; x_wconf 86' lang='lat' dir='ltr'><strong>nostrum</strong></span> <span class='ocrx_word' id='word_1_229' title='bbox 553 3701 587 3768; x_wconf 92' lang='lat' dir='ltr'><strong>in</strong></span> <span class='ocrx_word' id='word_1_230' title='bbox 619 3720 655 3766; x_wconf 90' lang='lat' dir='ltr'><strong>re</strong></span> <span class='ocrx_word' id='word_1_231' title='bbox 685 3707 807 3780; x_wconf 79' lang='lat' dir='ltr'><strong>arnam,</strong></span> <span class='ocrx_word' id='word_1_232' title='bbox 839 3707 872 3768; x_wconf 87' lang='lat' dir='ltr'><strong>ct</strong></span> <span class='ocrx_word' id='word_1_233' title='bbox 895 3723 963 3770; x_wconf 78' lang='lat' dir='ltr'><strong>reon</strong></span> <span class='ocrx_word' id='word_1_234' title='bbox 988 3701 1095 3778; x_wconf 73' lang='lat' dir='ltr'><strong>ittios,</strong></span> <span class='ocrx_word' id='word_1_235' title='bbox 1114 3705 1164 3768; x_wconf 86' lang='lat' dir='ltr'><strong>est</strong></span> <span class='ocrx_word' id='word_1_236' title='bbox 1185 3717 1283 3764; x_wconf 87' lang='lat' dir='ltr'><strong>amor</strong></span> 
     </span>
     <span class='ocr_line' id='line_1_34' title="bbox 261 3790 1100 3874; baseline 0 -21"><span class='ocrx_word' id='word_1_237' title='bbox 261 3790 553 3872; x_wconf 73' lang='lat' dir='ltr'><strong>concuspiscentiac3</strong></span> <span class='ocrx_word' id='word_1_238' title='bbox 577 3790 623 3856; x_wconf 89' lang='lat' dir='ltr'><strong>sic</strong></span> <span class='ocrx_word' id='word_1_239' title='bbox 647 3809 793 3856; x_wconf 85' lang='lat' dir='ltr'><strong>amamus</strong></span> <span class='ocrx_word' id='word_1_240' title='bbox 816 3811 948 3874; x_wconf 84' lang='lat' dir='ltr'><strong>equum,</strong></span> <span class='ocrx_word' id='word_1_241' title='bbox 973 3792 1100 3856; x_wconf 72' lang='lat' dir='ltr'><strong>uirium.</strong></span> 
     </span>
    </p>
   </div>
   <div class='ocr_carea' id='block_1_7' title="bbox 0 0 1324 4212">
    <p class='ocr_par' dir='ltr' id='par_1_15' title="bbox 0 0 1324 4212">
     <span class='ocr_line' id='line_1_35' title="bbox 0 0 1324 4212; baseline 0 0"><span class='ocrx_word' id='word_1_242' title='bbox 0 0 1324 4212; x_wconf 95' lang='lat' dir='ltr'><strong> </strong></span> 
     </span>
    </p>
   </div>
  </div>
 </body>
</html>
