2632 4212
294 157 359 224 {58
566 173 612 222 ux
637 172 751 224 parur
776 171 952 222 seeuuum

272 313 400 379 diverse.
433 313 468 396 ri.
491 307 560 390 Sie,
588 307 666 394 quia
689 309 822 391 peecata
844 311 983 374 sumunt
1004 306 1148 390 speeiem
1173 309 1224 374 ab
1247 311 1305 376 olr

268 400 380 486 jectis,
412 403 445 466 et
473 417 581 466 uuum
611 401 783 482 peceatum
810 399 861 462 est
881 396 1017 500 gravius
1038 394 1148 480 ¹speeie
1170 399 1309 492 'ulterm¹

270 493 448 646 ἓξῇῗῖιαῖξὲ
472 487 1305 663 figitiffi}melileuetstqrgurravffijossuoeeltmiluomqffrsffls

270 669 465 747 humorum,
493 669 598 752 maJ'or
631 670 680 734 est
709 664 896 732 iufirmitas.
931 663 1012 732 ltem
1039 685 1105 752 quo
1135 671 1305 750 peeeamr

270 759 387 826 eontra
409 759 560 826 altiorem
582 758 696 836 linem,
719 757 825 839 maius
848 758 897 820 est
920 759 1101 838 peceatum,
1123 757 1187 828 sed
1208 759 1304 842 obie-

271 852 324 914 eta
346 851 426 914 suut
448 851 531 914 liues
552 846 776 926 humanorum
799 845 961 922 actuum?
969 846 1002 910 et
1025 845 1072 911 sie
1087 845 1206 914 miuus
1224 865 1304 930 pee-

272 940 381 1004 eetum
403 939 452 1004 est
473 938 633 1016 futurum,
656 951 757 1020 quam
781 933 1012 1013 homicidium
1037 938 1172 1016 ethre,
1195 955 1302 1022 quum

271 1026 482 1110 blasphemia.

249 1114 317 1184 Art.
340 1115 371 1184 l.
395 1114 444 1184 Au
465 1118 602 1201 erarem
622 1123 812 1202 peecatorum
834 1115 958 1196 differet
978 1114 1138 1184 seeundum
1159 1115 1305 1202 ‹liquitu-

273 1213 331 1272 tem
357 1207 524 1291 virtutum,
553 1205 665 1294 quitur
687 1212 809 1291 percute
838 1210 1042 1288 opponuntur.
1067 1207 1101 1289 il.
1124 1203 1194 1286 Sic,
1221 1207 1304 1291 quia

161 1351 168 1362 ‚
270 1295 317 1362 sie
339 1301 556 1380 opponuntur
578 1298 715 1382 oblecta,
739 1298 773 1362 et
796 1315 837 1361 ex
860 1293 955 1361 Arist.
972 1293 1112 1378 pessimo
1127 1295 1310 1379 optimum

271 1385 476 1453 eontrarium
499 1389 558 1452 est.
787 1413 790 1420 ’
1201 1451 1206 1458 .

273 1473 475 1544 ‘charitati‘
491 1475 672 1562 opponitur
705 1495 774 1542 non
808 1475 1033 1560 quodeunque
1066 1472 1202 1555 odium,
1242 1477 1310 1546 sed,

270 1563 344 1643 Dei;
367 1564 519 1650 ideoque,
542 1565 620 1652 quie
642 1565 696 1632 illa
719 1568 768 1630 est
785 1582 915 1630 summa
930 1563 1046 1642 virtus,
1062 1564 1125 1631 hoe
1139 1567 1192 1634 eet
1208 1583 1304 1634 sum·

271 1671 365 1720 mum
388 1654 518 1722 vitium.

249 1741 317 1812 Art.
341 1744 372 1810 5.
396 1744 445 1812 Ae
466 1752 588 1830 peecata
610 1743 751 1813 cerealia
772 1747 840 1812 siut
859 1743 1222 1830 multarummultarur
1236 1751 1303 1832 epi·

270 1835 411 1902 ritualia.
448 1837 483 1921 il.
518 1835 649 1902 (laeteris
683 1835 818 1920 paribus
847 1834 910 1914 sie,
940 1832 1017 1918 quia
1047 1835 1120 1900 baee
1145 1840 1231 1901 suut
1266 1838 1303 1902 in

271 1923 393 2004 Deum,
417 1929 450 1991 et
473 1927 680 2009 proximum,
703 1925 758 1990 illu
781 1925 815 1990 iu
839 1941 973 2006 eorpus,
997 1924 1086 2006 quud
1109 1927 1158 1990 est
1183 1924 1304 1992 minus

271 2015 462 2081 amandum.
497 2016 578 2080 ltem
612 2016 666 2081 illa
696 2017 820 2081 habent
848 2011 1077 2078 vehementius
1110 2015 1303 2096 motivum,

272 2104 329 2169 sed
353 2107 524 2186 peecatum
546 2104 679 2171 earnale
705 2109 755 2170 est
784 2105 888 2187 majus
922 2101 1052 2170 ratione
1086 2103 1303 2182 intrusionis,

272 2195 305 2257 et
327 2193 552 2260 eonversiouis
581 2196 624 2259 ob
653 2191 921 2272 delectationem,
950 2191 1120 2275 spirituale
1152 2193 1227 2278 plus
1257 2196 1303 2261 de

270 2299 453 2350 aversione.
1135 2350 1137 2353 .

273 2371 287 2401 *
309 2369 514 2439 Adulterium
537 2378 586 2440 est
609 2376 715 2459 majus
737 2374 837 2450 furtu,
855 2372 932 2458 quia
947 2373 1097 2440 eontinet
1113 2373 1300 2454 luxuriam,

273 2465 306 2526 et
329 2462 535 2546 injustitiam.
559 2464 639 2529 ltem
663 2465 794 2529 daemou
819 2462 962 2528 maxime
987 2464 1109 2546 gaudet
1130 2463 1172 2528 de
1196 2463 1302 2530 luxu·

273 2551 332 2631 rie,
355 2552 434 2634 quia
456 2553 589 2619 diffieile
613 2556 710 2618 homo
733 2555 776 2620 ab
793 2571 836 2626 ,ea
851 2557 1060 2627 removetur.

249 2640 317 2707 Art.
341 2639 373 2708 6.
402 2641 451 2709 Au
473 2646 609 2726 ararites
630 2650 819 2726 peccatorum
842 2641 1018 2709 attendetur
1039 2642 1201 2710 seeundum
1225 2663 1300 2712 euu-

272 2748 337 2795 sem
358 2736 483 2812 peceati.
509 2734 544 2816 rt.
568 2732 724 2800 Voluntas
747 2734 861 2814 major,
884 2751 959 2815 quae
980 2736 1029 2798 est
1044 2749 1140 2798 eausa
1156 2735 1299 2814 peceati,

273 2819 350 2885 feeit
384 2824 489 2905 majus
519 2825 701 2905 peceatum.
733 2820 815 2888 ltem
839 2823 992 2886 voluutas
1015 2822 1057 2887 de
1079 2822 1184 2904 pejori
1208 2823 1299 2904 line,

272 2909 329 2991 qui
361 2913 409 2974 est
437 2913 620 2996 objectum,
651 2911 729 2977 laeit
758 2914 865 2995 majus
892 2914 1072 2993 peceatum.
1109 2910 1189 2976 ltem
1221 2913 1299 2977 aliae

273 3016 394 3076 eausae,
423 3019 496 3085 quae
520 3001 684 3067 inclinant
707 3002 912 3067 voluntatem
938 3006 1058 3082 praeter
1080 3019 1172 3068 suam
1196 3005 1300 3068 natu·

273 3105 354 3166 ram,
378 3088 431 3152 vel
455 3109 529 3174 qum
553 3090 711 3156 minuunt
730 3088 893 3174 judicium
918 3090 1065 3168 rationis,
1083 3090 1134 3154 vel
1150 3091 1299 3158 liberum

273 3177 464 3257 arbitrium,
496 3183 533 3245 ut
562 3180 767 3264 ignorantia,
798 3182 861 3243 ete.
891 3179 1068 3259 minuunt,
1095 3180 1146 3244 vel
1172 3180 1300 3250 tollunt

275 3271 454 3348 peceatum,
478 3267 563 3334 sieut
585 3273 619 3332 et
642 3268 878 3335 voluntarium.

250 3353 317 3422 Art.
342 3356 375 3422 7.
400 3353 450 3422 Au
472 3359 705 3426 circumstantie
727 3365 874 3443 eqqreuet
894 3367 1061 3442 peceatum.
1089 3360 1124 3442 it.
1147 3357 1215 3437 Sic,
1241 3365 1297 3428 vel

273 3447 434 3512 mutando
466 3446 625 3529 speeiem,
657 3448 711 3513 vel
739 3449 774 3513 iu
798 3449 913 3514 eadem
936 3450 1061 3534 speeie;
1084 3446 1169 3518 sieut
1192 3450 1296 3518 etium

245 3567 249 3576 ·
275 3534 412 3616 minuit,
439 3536 516 3622 quia
544 3537 623 3602 inde
650 3557 701 3603 ree
723 3542 905 3622 augentur,
929 3540 1019 3606 uude
1041 3541 1211 3618 causatum
1235 3544 1297 3609 sed

274 3630 445 3706 peceatum
468 3632 620 3693 causatur
642 3647 661 3694 a
685 3627 940 3694 circumstantie.

252 3711 319 3779 Art.
343 3714 373 3782 8.
397 3714 446 3782 Au
467 3718 603 3800 ararites
623 3721 741 3802 peceati
762 3723 910 3803 aequetur
931 3718 1093 3787 secundem
1121 3721 1221 3802 majus
1244 3741 1299 3790 uu·
