2604 4210
420 107 497 159 n1v1
521 106 668 158 nucum.
958 89 1021 160 att

398 331 581 418 QUAESTIO
611 333 695 402 clll.

299 517 389 582 De
417 517 791 596 virginitate.

20 693 87 759 Art.
107 693 142 760 l.
161 692 213 758 Aa
228 693 394 775 virginitas
409 695 558 761 consistat
570 697 605 760 ia
621 695 800 778 irctcgritotc
814 697 931 762 corais.
948 695 984 778 vl.
1000 694 1071 763 Vir·

41 783 170 866 ginitas
192 783 383 862 formaliter,
408 789 442 849 et
464 784 660 868 completive
683 784 830 851 consistit
849 784 884 850 in
900 785 1068 868 proposito

42 872 241 938 abstinendi
264 893 283 937 a
305 873 523 940 delectatione
547 893 778 964 venereorum,
802 873 838 939 in
862 894 928 958 qua
950 873 1072 940 immu-

44 962 135 1028 nitas
160 982 181 1027 a
203 962 419 1028 delectatione
442 983 483 1029 ex
507 963 665 1029 allusione
687 963 822 1031 seminis
836 983 870 1028 se
886 966 985 1032 babet
1002 982 1072 1029 ma-

45 1050 222 1128 terialiter,
246 1055 279 1116 et
301 1052 474 1135 integritas
494 1053 636 1119 membri
652 1051 830 1137 corporalis
844 1072 879 1118 se
894 1055 992 1120 babet
1011 1071 1071 1137 per

45 1141 221 1220 accidens;
245 1142 336 1208 uude
359 1141 482 1208 dicitur
505 1141 689 1228 virginitas,
713 1164 732 1209 a
755 1142 877 1223 virore,
901 1146 934 1207 et
957 1141 1070 1208 virens

46 1229 193 1310 dicitur,
216 1229 297 1296 dum
325 1230 361 1296 in
384 1250 444 1297 suo
465 1231 577 1298 virore
605 1231 761 1317 persistit,
787 1252 855 1300 non
883 1233 968 1298 facta
990 1233 1072 1298 adu·

47 1319 161 1386 stione
183 1320 299 1386 caloris
323 1321 468 1401 venerei,
490 1326 552 1388 etc.

48 1411 59 1431 ’
87 1409 124 1474 Si
154 1410 340 1495 contingat,
376 1414 414 1475 ut
444 1411 587 1478 membri
615 1411 788 1496 integritas
823 1415 1071 1494 corrumpatur,

48 1500 143 1565 salvo
168 1500 334 1584 proposito
358 1502 548 1588 voluntatis,
572 1520 640 1568 non
665 1501 859 1584 praejndicat
876 1499 1072 1584 virginitati,

48 1588 137 1656 sicut
161 1609 224 1654 nec
245 1589 273 1670 si
296 1595 530 1673 corrumpatur
553 1610 681 1668 manus,
705 1592 756 1655 vel
774 1611 831 1676 pes
845 1591 900 1676 (dc
918 1611 984 1675 quo
999 1609 1074 1655 san·

51 1684 103 1744 cta
128 1677 256 1762 Lucia.)
279 1679 374 1759 ltem,
403 1678 431 1745 si
454 1679 626 1746 delectatio
654 1699 695 1745 ex
718 1681 852 1746 seminis
876 1679 1075 1747 resolutione

48 1767 108 1834 liat
132 1787 212 1834 cum
235 1787 398 1837 consensu
421 1769 553 1850 mentis,
577 1769 663 1836 tollit
678 1769 915 1854 virginitatem,
930 1769 1000 1834 sive
1017 1770 1075 1834 fiat

51 1877 112 1939 per
136 1859 365 1937 concubitum,
388 1858 458 1926 sive
482 1879 566 1938 non;
589 1860 648 1926 sed
669 1857 696 1922 si
717 1859 789 1924 sine
804 1877 977 1936 consensu,
994 1877 1075 1924 non.

33 1943 96 2014 Art.
122 1947 157 2015 2.
179 1945 230 2014 Aa
252 1950 420 2032 nicolaitas
442 1951 487 2014 sit
508 1949 631 2016 illicito.
656 1949 691 2034 ιι.
715 1947 797 2030 Non,
819 1949 878 2014 sed
901 1954 949 2012 est
965 1948 1076 2013 lauda-

53 2037 138 2116 bilis,
163 2042 198 2102 et
219 2040 282 2105 sub
304 2039 451 2117 consilio,
476 2039 553 2123 quia
569 2039 755 2104 secundum
771 2043 895 2104 rectam
912 2037 1075 2103 rationem

53 2131 101 2191 est
136 2125 227 2192 utilis
256 2127 298 2194 ad
326 2129 637 2211 contemplationem
672 2127 748 2207 Dei,
763 2191 764 2195 ,
779 2129 859 2194 dum
892 2126 1075 2195 abstinete

53 2215 329 2283 delectationibus
363 2217 524 2283 venereis.
559 2217 716 2296 Debitum
747 2218 905 2303 praecepti
935 2217 1076 2301 implen-

53 2305 136 2371 dum
161 2325 180 2372 a
205 2305 434 2387 multitudine,
459 2326 527 2373 non
551 2307 673 2392 obligat
696 2307 877 2392 quemlibet
899 2307 941 2372 de
964 2305 1076 2372 multi·

54 2396 184 2476 tudine,
207 2396 292 2464 sicut
315 2398 386 2476 boc,
411 2395 557 2476 crescite,
580 2401 613 2462 et
636 2394 911 2480 multiplicamini.

35 2480 98 2552 Art.
123 2486 157 2552 3.
180 2483 233 2552 Aa
254 2488 421 2570 nicolaitas
443 2489 487 2552 sit
507 2489 617 2555 cistas.
642 2487 677 2571 ll.
700 2485 762 2568 Sic,
785 2485 942 2570 specialis,
964 2505 1000 2550 se
1015 2487 1074 2550 ha·

55 2575 137 2642 bens
161 2575 205 2642 ad
227 2575 419 2655 castitatem,
443 2581 481 2642 ut
504 2576 750 2660 magnificentia
773 2575 816 2642 ad
831 2573 1074 2643 liberalitatem.

55 2663 246 2731 *Homines
268 2685 287 2730 a
311 2665 484 2732 riativitate
507 2669 631 2733 habent
661 2666 830 2732 materiale
858 2663 1075 2749 virginitatis,

55 2751 163 2820 idest
186 2754 410 2840 iutegritatem
441 2755 567 2836 carnis;
598 2756 656 2822 sed
683 2775 751 2822 non
768 2754 935 2834 turmale,
963 2755 998 2820 id
1028 2757 1077 2820 est

56 2843 264 2928 propositum
286 2844 442 2911 servandi
457 2844 683 2930 virginitatem
700 2849 836 2929 propter
851 2843 968 2911 Deum.
984 2843 1076 2923 ltem,

55 2937 267 3020 conjugatus,
291 2934 345 3001 cui
368 2935 460 3001 deest
482 2935 619 3002 materia
644 2935 860 3020 virginitatis,
891 2937 997 3018 potest
1020 2935 1078 2999 ba-

56 3023 137 3090 bere
160 3024 197 3092 id
219 3024 310 3109 quod
332 3028 381 3090 est
403 3024 550 3104 formale,
573 3024 698 3090 scilicet
713 3023 990 3108 preparationem
1005 3023 1078 3090 ani·

56 3114 119 3195 mi;
148 3111 227 3197 quia
255 3113 421 3180 connexio
451 3115 615 3181 virtutum
644 3119 693 3180 est
721 3114 905 3182 secuudum
928 3115 1075 3180 formale.

57 3201 158 3284 ltem,
189 3200 361 3288 virginitas
392 3209 580 3288 reparatur,
612 3205 839 3288 recuperando
873 3204 1077 3292 propositum

58 3311 118 3376 per
142 3293 372 3377 poenitentiam
396 3299 559 3380 quantum
582 3295 625 3360 ad
647 3295 794 3374 formale,
820 3313 888 3361 non
912 3298 1076 3377 quantum

58 3385 99 3450 ad
123 3381 303 3449 materiale.
334 3382 413 3449 ltem
440 3384 614 3468 virginitas
637 3389 674 3450 ut
697 3389 745 3452 est
768 3384 874 3450 virtus
897 3379 978 3450 dicit
1002 3403 1078 3466 pro-

59 3473 203 3555 positum
226 3492 302 3539 cum
327 3477 403 3540 voto
427 3477 587 3557 perpetuo
609 3475 782 3542 servandae
807 3472 1020 3558 integritatis,
1044 3477 1085 3540 et

58 3563 104 3630 sic
129 3581 198 3630 non
223 3561 375 3647 perditur
398 3564 460 3631 nisi
485 3584 551 3647 per
567 3570 746 3648 peccatum.
772 3563 905 3632 castitas
923 3564 1078 3647 conjuga-

59 3649 113 3736 lis,
136 3655 170 3720 et
194 3651 337 3722 viduitas
366 3673 433 3722 non
458 3656 581 3722 habent
607 3655 751 3741 aliquam
773 3650 1000 3721 excellentiam
1022 3672 1077 3724 su-
