2608 4220
468 63 548 120 ono
571 63 717 120 onouoe.
1007 41 1072 112 535

65 178 138 248 Art.
162 179 197 246 2.
220 179 272 248 Ao
291 201 348 266 por
369 183 465 250 sotum
488 183 665 266 toptiomum
699 180 873 266 spiritualis
899 182 1117 266 propinquitas

87 271 314 354 contrototur„
329 274 364 356 ri.
388 271 600 340 Contrahitur
623 291 682 355 per
706 270 905 352 baptismum
928 274 960 335 et
994 271 1117 336 confir·

88 359 276 426 mationem
300 365 448 442 tantum;
473 382 541 429 non
566 382 626 446 per
640 361 890 439 catechismum,
908 359 985 446 quia
1000 363 1049 425 est
1067 378 1118 424 sa·

90 451 308 530 coamentem,
333 471 400 518 non
424 455 679 532 sacramentum,
696 451 772 515 ticet
789 451 974 516 secundum
990 449 1117 534 aliquos

29 551 34 557 ’
90 541 313 606 contrahatur
329 539 523 624 impediens,
540 545 573 606 et
589 561 656 608 non
673 539 833 607 dirimens
849 537 884 609 in
911 537 1117 621 catechismo,

94 634 136 694 ut
159 628 195 695 in
219 630 433 714 sponsalibus.

67 717 145 786 Art.
169 718 200 785 3.
224 720 274 786 Ao
308 723 449 804 oopootio
476 719 649 806 spiritualis
676 721 875 787 contrototur
905 720 990 784 inter
1022 719 1118 784 sosoi·

87 812 229 892 piootom
250 819 472 878 sacromentum
497 811 648 896 baptismi,
664 818 696 876 ot
708 811 854 876 imorotom
869 809 903 875 do
918 827 1004 874 sooro
1023 811 1117 892 fonto.

91 900 132 982 rt.
157 897 221 978 Sic,
244 900 323 984 quia
346 901 459 970 levans
482 905 541 976 est,
565 903 602 966 ut
625 903 730 966 mater
753 900 823 965 loco
846 898 1015 964 Ecclesiae:
1037 900 1117 982 hap·

91 988 210 1066 tizans,
235 994 273 1054 ut
296 994 387 1072 pater
411 992 481 1056 loco
504 990 572 1068 Dei,
591 989 638 1056 sic
660 989 717 1074 qui
732 991 823 1055 tenet
839 987 1116 1054 confirmandum.

65 1074 139 1143 Art.
163 1076 196 1144 lo.
219 1077 269 1145 Ao
291 1083 432 1164 oopootio
454 1081 629 1164 spiritualis
654 1086 791 1148 tremeat
804 1098 823 1145 o
836 1081 904 1146 uiro
928 1081 962 1144 io
977 1095 1115 1146 uxorem.

92 1169 132 1248 d.
156 1166 293 1244 Quando
317 1173 409 1236 actus
431 1177 479 1236 cst
502 1170 687 1236 communis
710 1170 766 1247 sic,
789 1188 881 1234 secus
906 1188 983 1232 non.

65 1253 140 1321 Art.
166 1257 198 1324 o.
223 1259 270 1324 An
294 1263 434 1342 oopootio
456 1259 630 1344 spiritualis
655 1265 789 1326 transeat
818 1261 853 1327 iu
874 1259 955 1342 titios
978 1257 1115 1330 cornutos

83 1349 192 1499 patris
213 1349 397 1432 spiritualis.
429 1353 462 1436 rt.
487 1350 662 1434 Quondam
697 1349 765 1428 sic,
796 1350 853 1416 sed
885 1353 957 1432 post
990 1344 1114 1419 Concit.

119 1435 182 1501 rid.
207 1457 286 1504 non.

438 1636 627 1721 QUAEsno
650 1637 739 1708 utu.

248 1821 339 1884 De
357 1824 717 1900 cognatione
736 1821 934 1900 logan,

176 1922 307 1986 quae
332 1917 427 1976 est
450 1926 564 1990 per
589 1911 994 1990 adoptionem.

60 2084 134 2150 Art
163 2083 192 2152 i.
215 2085 265 2154 Ao
288 2088 407 2174 odoptio
430 2091 645 2158 ooorooiootor
668 2087 843 2176 deiciatur.
870 2089 905 2172 rt.
928 2087 990 2167 Sic,
1014 2092 1112 2154 etesi

84 2179 255 2242 extraneae
279 2199 427 2262 personae
450 2179 486 2246 in
510 2179 640 2258 titium,
663 2179 717 2246 vei
740 2181 918 2262 nepotem,
942 2179 994 2244 vei
1018 2178 1112 2244 dein-

85 2285 165 2349 ceps
188 2265 334 2349 legitima
355 2268 555 2352 assumptio,
579 2272 612 2333 et
640 2270 704 2338 hoc
726 2269 765 2334 fit
786 2269 829 2343 ad
858 2268 1111 2336 similitudinem

86 2361 231 2424 naturae.
255 2357 348 2439 tteno,
363 2359 501 2442 adoptio
525 2361 573 2423 est
596 2358 738 2442 duplex,
773 2357 880 2441 prima
903 2378 969 2442 qua
993 2359 1112 2429 transit

82 2465 228 2528 persona
244 2449 286 2527 ‚in
311 2453 504 2533 potestatem
527 2447 630 2531 patris
656 2447 854 2531 adoptantis,
871 2450 905 2515 et
919 2445 1041 2514 dicitur
1057 2467 1110 2522 ap·

81 2535 234 2621 rogatio,
265 2543 299 2606 et
330 2538 378 2614 sio
400 2540 574 2622 adoptatus
597 2537 745 2606 succedit
767 2539 810 2606 ab
836 2537 1011 2614 intestato,
1047 2556 1110 2604 uec

83 2631 195 2709 potest
218 2629 345 2710 privari
378 2632 496 2714 quarto
517 2631 612 2710 parte
633 2626 706 2694 sine
735 2645 852 2708 causa3
882 2627 1027 2693 secunda
1061 2630 1111 2692 est

81 2716 289 2799 imperfecta,
312 2720 447 2803 quondo
468 2719 644 2802 adoptatus
668 2736 736 2792 nou
761 2717 878 2784 transit
898 2717 943 2784 in
969 2718 1108 2799 potesta·

81 2811 164 2885 tem,
186 2810 221 2872 et
242 2807 383 2876 sicsine
405 2807 540 2879 licentia
564 2805 733 2891 principis,
750 2826 813 2874 noo
827 2807 974 2874 succedit
1001 2807 1043 2872 ab
1057 2806 1109 2874 in·

81 2900 214 2965 testato.
237 2897 340 2976 item,
364 2899 422 2982 qui
450 2898 575 2966 habent
598 2901 798 2981 perpetuum
814 2896 1106 2979 ,impedimentum

81 2987 330 3070 generationis,
352 3008 422 3064 non
453 2988 589 3070 possunt
614 2987 798 3070 adoptare,
821 2986 900 3070 quia
923 2986 1108 3058 haereditas

82 3077 226 3144 debetur
246 3076 323 3155 illis,
345 3077 401 3160 qui
425 3077 609 3150 succedunt
632 3075 705 3141 iure
728 3075 995 3160 propinquitatis.

57 3164 130 3234 Art.
154 3166 186 3234 2.
209 3165 260 3236 Ao
281 3187 319 3234 oro
342 3166 501 3250 adoptione
523 3172 666 3248 sequetur
689 3163 813 3248 oiipood
833 3164 990 3235 oioioulum
1013 3168 1107 3248 impe·

81 3256 169 3322 dieos
202 3259 441 3327 matrimonium.
485 3257 520 3340 ri.
555 3255 629 3334 Sic,
665 3254 750 3322 idest
785 3256 935 3340 cognatio
974 3256 1108 3342 legalis,

82 3349 217 3430 quando
240 3345 531 3434 adesttauctoritos
548 3344 918 3434 Ecclesiaegoonfirmans
942 3346 1027 3430 leges
1043 3347 1108 3413 hu·

84 3455 210 3504 manas.

58 3529 132 3592 Art.
156 3525 188 3592 3.
210 3525 260 3594 Au
274 3529 415 3611 oopuotio
433 3527 538 3610 topatio
549 3529 751 3596 oootrototur
772 3527 967 3594 sommiator
986 3532 1105 3611 potrom

83 3615 274 3706 adoptoutrm
296 3624 328 3686 oi
346 3619 447 3704 fitium
469 3617 652 3702 adoptatum.
679 3619 714 3708 n.
736 3615 809 3697 Sic,
832 3620 866 3684 et
888 3622 936 3704 est
959 3616 1106 3710 triplex?
