<?xml version="1.0" encoding="UTF-8"?>
<!DOCTYPE html PUBLIC "-//W3C//DTD XHTML 1.0 Transitional//EN"
    "http://www.w3.org/TR/xhtml1/DTD/xhtml1-transitional.dtd">
<html xmlns="http://www.w3.org/1999/xhtml" xml:lang="en" lang="en">
 <head>
  <title>
</title>
<meta http-equiv="Content-Type" content="text/html;charset=utf-8" />
  <meta name='ocr-system' content='tesseract 3.04.00' />
  <meta name='ocr-capabilities' content='ocr_page ocr_carea ocr_par ocr_line ocrx_word'/>
</head>
<body>
  <div class='ocr_page' id='page_1' title='image "./theologicsummco00thomgoog_0383.png"; bbox 0 0 2604 4210; ppageno 0'>
   <div class='ocr_carea' id='block_1_1' title="bbox 253 110 947 185">
    <p class='ocr_par' dir='ltr' id='par_1_1' title="bbox 253 110 947 185">
     <span class='ocr_line' id='line_1_1' title="bbox 253 110 947 185; baseline -0.01 0"><span class='ocrx_word' id='word_1_1' title='bbox 253 110 324 185; x_wconf 63' lang='lat' dir='ltr'>ele</span> <span class='ocrx_word' id='word_1_2' title='bbox 509 126 555 179; x_wconf 85' lang='lat' dir='ltr'>nx</span> <span class='ocrx_word' id='word_1_3' title='bbox 580 125 746 183; x_wconf 75' lang='lat' dir='ltr'>snounnn</span> <span class='ocrx_word' id='word_1_4' title='bbox 771 121 947 182; x_wconf 76' lang='lat' dir='ltr'>sonorum</span> 
     </span>
    </p>
   </div>
   <div class='ocr_carea' id='block_1_2' title="bbox 228 265 1291 546">
    <p class='ocr_par' dir='ltr' id='par_1_2' title="bbox 228 265 1291 546">
     <span class='ocr_line' id='line_1_2' title="bbox 229 265 1249 354; baseline -0.007 -15"><span class='ocrx_word' id='word_1_5' title='bbox 229 269 407 339; x_wconf 80' lang='lat' dir='ltr'>*Virtutes</span> <span class='ocrx_word' id='word_1_6' title='bbox 440 268 578 336; x_wconf 85' lang='lat' dir='ltr'>morales</span> <span class='ocrx_word' id='word_1_7' title='bbox 602 271 674 354; x_wconf 80' lang='lat' dir='ltr'>poet</span> <span class='ocrx_word' id='word_1_8' title='bbox 696 271 782 335; x_wconf 88' lang='lat' dir='ltr'>hano</span> <span class='ocrx_word' id='word_1_9' title='bbox 803 265 917 333; x_wconf 73' lang='lat' dir='ltr'>suitam</span> <span class='ocrx_word' id='word_1_10' title='bbox 941 266 1145 345; x_wconf 77' lang='lat' dir='ltr'>manebunt,</span> <span class='ocrx_word' id='word_1_11' title='bbox 1177 283 1249 332; x_wconf 88' lang='lat' dir='ltr'>non</span> 
     </span>
     <span class='ocr_line' id='line_1_3' title="bbox 228 355 1250 442; baseline -0.006 -16"><span class='ocrx_word' id='word_1_12' title='bbox 228 360 412 426; x_wconf 81' lang='lat' dir='ltr'>seeundum</span> <span class='ocrx_word' id='word_1_13' title='bbox 435 362 526 424; x_wconf 82' lang='lat' dir='ltr'>notus</span> <span class='ocrx_word' id='word_1_14' title='bbox 549 358 636 425; x_wconf 86' lang='lat' dir='ltr'>eirea</span> <span class='ocrx_word' id='word_1_15' title='bbox 659 378 707 437; x_wconf 81' lang='lat' dir='ltr'>ea,</span> <span class='ocrx_word' id='word_1_16' title='bbox 730 377 805 442; x_wconf 82' lang='lat' dir='ltr'>qum</span> <span class='ocrx_word' id='word_1_17' title='bbox 827 360 907 424; x_wconf 84' lang='lat' dir='ltr'>eunt</span> <span class='ocrx_word' id='word_1_18' title='bbox 927 356 972 423; x_wconf 90' lang='lat' dir='ltr'>ad</span> <span class='ocrx_word' id='word_1_19' title='bbox 993 357 1107 434; x_wconf 85' lang='lat' dir='ltr'>finem,</span> <span class='ocrx_word' id='word_1_20' title='bbox 1122 355 1250 439; x_wconf 81' lang='lat' dir='ltr'>inqui-</span> 
     </span>
     <span class='ocr_line' id='line_1_4' title="bbox 229 445 1291 546; baseline -0.008 -28"><span class='ocrx_word' id='word_1_21' title='bbox 229 453 292 518; x_wconf 82' lang='lat' dir='ltr'>bus</span> <span class='ocrx_word' id='word_1_22' title='bbox 313 453 362 516; x_wconf 77' lang='lat' dir='ltr'>eet</span> <span class='ocrx_word' id='word_1_23' title='bbox 379 448 449 514; x_wconf 81' lang='lat' dir='ltr'>vito</span> <span class='ocrx_word' id='word_1_24' title='bbox 470 447 594 527; x_wconf 87' lang='lat' dir='ltr'>antiva,</span> <span class='ocrx_word' id='word_1_25' title='bbox 617 449 679 516; x_wconf 82' lang='lat' dir='ltr'>aad</span> <span class='ocrx_word' id='word_1_26' title='bbox 697 449 882 514; x_wconf 82' lang='lat' dir='ltr'>seeundum</span> <span class='ocrx_word' id='word_1_27' title='bbox 905 449 999 514; x_wconf 72' lang='lat' dir='ltr'>aetus</span> <span class='ocrx_word' id='word_1_28' title='bbox 1019 445 1109 512; x_wconf 85' lang='lat' dir='ltr'>oiroa</span> <span class='ocrx_word' id='word_1_29' title='bbox 1130 445 1246 510; x_wconf 83' lang='lat' dir='ltr'>tinem.</span> <span class='ocrx_word' id='word_1_30' title='bbox 1290 487 1291 546; x_wconf 64' lang='lat' dir='ltr'><strong>p</strong></span> 
     </span>
    </p>
   </div>
   <div class='ocr_carea' id='block_1_3' title="bbox 227 533 1291 890">
    <p class='ocr_par' dir='ltr' id='par_1_3' title="bbox 227 533 1291 890">
     <span class='ocr_line' id='line_1_5' title="bbox 229 533 1291 622; baseline -0.006 -18"><span class='ocrx_word' id='word_1_31' title='bbox 229 540 310 605; x_wconf 95' lang='lat' dir='ltr'>ltem</span> <span class='ocrx_word' id='word_1_32' title='bbox 344 537 456 622; x_wconf 81' lang='lat' dir='ltr'>Angeli</span> <span class='ocrx_word' id='word_1_33' title='bbox 479 543 512 602; x_wconf 88' lang='lat' dir='ltr'>et</span> <span class='ocrx_word' id='word_1_34' title='bbox 534 537 644 603; x_wconf 79' lang='lat' dir='ltr'><strong>Sancti</strong></span> <span class='ocrx_word' id='word_1_35' title='bbox 677 539 802 604; x_wconf 90' lang='lat' dir='ltr'><strong>habent</strong></span> <span class='ocrx_word' id='word_1_36' title='bbox 835 535 960 621; x_wconf 87' lang='lat' dir='ltr'>aliquid</span> <span class='ocrx_word' id='word_1_37' title='bbox 982 535 1024 602; x_wconf 89' lang='lat' dir='ltr'>de</span> <span class='ocrx_word' id='word_1_38' title='bbox 1047 535 1124 602; x_wconf 77' lang='lat' dir='ltr'>uite.</span> <span class='ocrx_word' id='word_1_39' title='bbox 1138 533 1248 602; x_wconf 85' lang='lat' dir='ltr'>uetiva</span> <span class='ocrx_word' id='word_1_40' title='bbox 1290 561 1291 598; x_wconf 66' lang='lat'>3</span> 
     </span>
     <span class='ocr_line' id='line_1_6' title="bbox 227 623 1291 710; baseline -0.008 -15"><span class='ocrx_word' id='word_1_41' title='bbox 227 629 315 695; x_wconf 86' lang='lat' dir='ltr'>eirea</span> <span class='ocrx_word' id='word_1_42' title='bbox 338 647 392 704; x_wconf 87' lang='lat' dir='ltr'>ea,</span> <span class='ocrx_word' id='word_1_43' title='bbox 421 647 496 710; x_wconf 78' lang='lat' dir='ltr'>qum</span> <span class='ocrx_word' id='word_1_44' title='bbox 529 627 704 710; x_wconf 79' lang='lat' dir='ltr'>portinent·</span> <span class='ocrx_word' id='word_1_45' title='bbox 720 629 763 692; x_wconf 87' lang='lat' dir='ltr'>ad</span> <span class='ocrx_word' id='word_1_46' title='bbox 785 625 1062 709; x_wconf 80' lang='lat' dir='ltr'>dispensationem</span> <span class='ocrx_word' id='word_1_47' title='bbox 1097 623 1247 694; x_wconf 86' lang='lat' dir='ltr'>minisle-</span> <span class='ocrx_word' id='word_1_48' title='bbox 1290 667 1291 678; x_wconf 23' lang='grc' dir='ltr'><strong>η</strong></span> 
     </span>
     <span class='ocr_line' id='line_1_7' title="bbox 229 711 1291 798; baseline -0.008 -14"><span class='ocrx_word' id='word_1_49' title='bbox 229 717 357 784; x_wconf 85' lang='lat' dir='ltr'>riorum</span> <span class='ocrx_word' id='word_1_50' title='bbox 379 717 447 795; x_wconf 80' lang='lat' dir='ltr'>llei,</span> <span class='ocrx_word' id='word_1_51' title='bbox 483 718 565 789; x_wconf 82' lang='lat' dir='ltr'>dum</span> <span class='ocrx_word' id='word_1_52' title='bbox 586 717 730 782; x_wconf 82' lang='lat' dir='ltr'>mundus</span> <span class='ocrx_word' id='word_1_53' title='bbox 756 717 875 794; x_wconf 86' lang='lat' dir='ltr'>durat,</span> <span class='ocrx_word' id='word_1_54' title='bbox 905 715 972 780; x_wconf 81' lang='lat' dir='ltr'>sed.</span> <span class='ocrx_word' id='word_1_55' title='bbox 986 732 1124 798; x_wconf 79' lang='lat' dir='ltr'>semper</span> <span class='ocrx_word' id='word_1_56' title='bbox 1139 713 1246 780; x_wconf 77' lang='lat' dir='ltr'>ileum</span> <span class='ocrx_word' id='word_1_57' title='bbox 1290 711 1291 776; x_wconf 90' lang='lat' dir='ltr'>l</span> 
     </span>
     <span class='ocr_line' id='line_1_8' title="bbox 229 779 1291 890; baseline -0.007 -16"><span class='ocrx_word' id='word_1_58' title='bbox 229 807 505 890; x_wconf 72' lang='lat' dir='ltr'><strong>contemplantur.</strong></span> <span class='ocrx_word' id='word_1_59' title='bbox 1290 779 1291 856; x_wconf 57' lang='lat' dir='ltr'>i</span> 
     </span>
    </p>
   </div>
   <div class='ocr_carea' id='block_1_4' title="bbox 538 980 916 1068">
    <p class='ocr_par' dir='ltr' id='par_1_4' title="bbox 538 980 916 1068">
     <span class='ocr_line' id='line_1_9' title="bbox 538 980 916 1068; baseline -0.013 -16"><span class='ocrx_word' id='word_1_60' title='bbox 538 980 727 1068; x_wconf 74' lang='lat' dir='ltr'>Qumsrlo,</span> <span class='ocrx_word' id='word_1_61' title='bbox 747 981 916 1052; x_wconf 71' lang='lat' dir='ltr'>clxxxii.</span> 
     </span>
    </p>
   </div>
   <div class='ocr_carea' id='block_1_5' title="bbox 111 1141 1219 1335">
    <p class='ocr_par' dir='ltr' id='par_1_5' title="bbox 111 1141 1219 1335">
     <span class='ocr_line' id='line_1_10' title="bbox 111 1141 1219 1246; baseline -0.005 -12"><span class='ocrx_word' id='word_1_62' title='bbox 111 1141 116 1152; x_wconf 52' lang='lat'><strong><em>⁴</em></strong></span> <span class='ocrx_word' id='word_1_63' title='bbox 236 1169 328 1234; x_wconf 82' lang='lat' dir='ltr'>De</span> <span class='ocrx_word' id='word_1_64' title='bbox 352 1160 814 1246; x_wconf 66' lang='lat' dir='ltr'>commemoratione</span> <span class='ocrx_word' id='word_1_65' title='bbox 834 1167 978 1232; x_wconf 70' lang='lat' dir='ltr'>vitm</span> <span class='ocrx_word' id='word_1_66' title='bbox 999 1163 1219 1229; x_wconf 76' lang='lat' dir='ltr'>antivae</span> 
     </span>
     <span class='ocr_line' id='line_1_11' title="bbox 399 1256 1052 1335; baseline -0.003 -15"><span class='ocrx_word' id='word_1_67' title='bbox 399 1256 474 1321; x_wconf 88' lang='lat' dir='ltr'>ad</span> <span class='ocrx_word' id='word_1_68' title='bbox 499 1257 1052 1335; x_wconf 76' lang='lat' dir='ltr'>contemplativam.</span> 
     </span>
    </p>
   </div>
   <div class='ocr_carea' id='block_1_6' title="bbox 206 1430 1251 3840">
    <p class='ocr_par' dir='ltr' id='par_1_6' title="bbox 206 1430 1250 2678">
     <span class='ocr_line' id='line_1_12' title="bbox 206 1430 1247 1516; baseline -0.005 -14"><span class='ocrx_word' id='word_1_69' title='bbox 206 1432 274 1502; x_wconf 76' lang='lat' dir='ltr'>Art</span> <span class='ocrx_word' id='word_1_70' title='bbox 298 1432 328 1498; x_wconf 92' lang='lat' dir='ltr'>l.</span> <span class='ocrx_word' id='word_1_71' title='bbox 351 1431 400 1499; x_wconf 83' lang='lat' dir='ltr'>Aa</span> <span class='ocrx_word' id='word_1_72' title='bbox 422 1435 492 1500; x_wconf 81' lang='lat' dir='ltr'>vito.</span> <span class='ocrx_word' id='word_1_73' title='bbox 508 1436 609 1500; x_wconf 76' lang='lat' dir='ltr'>actim</span> <span class='ocrx_word' id='word_1_74' title='bbox 630 1435 674 1500; x_wconf 77' lang='lat' dir='ltr'>rit</span> <span class='ocrx_word' id='word_1_75' title='bbox 691 1434 806 1516; x_wconf 81' lang='lat' dir='ltr'>potior,</span> <span class='ocrx_word' id='word_1_76' title='bbox 829 1449 919 1516; x_wconf 78' lang='lat' dir='ltr'>quon</span> <span class='ocrx_word' id='word_1_77' title='bbox 937 1430 1184 1514; x_wconf 76' lang='lat' dir='ltr'>motamplotioo.</span> <span class='ocrx_word' id='word_1_78' title='bbox 1210 1432 1247 1514; x_wconf 64' lang='grc' dir='ltr'>ἡ.</span> 
     </span>
     <span class='ocr_line' id='line_1_13' title="bbox 229 1519 1248 1606; baseline -0.004 -18"><span class='ocrx_word' id='word_1_79' title='bbox 229 1522 311 1600; x_wconf 88' lang='lat' dir='ltr'>Non,</span> <span class='ocrx_word' id='word_1_80' title='bbox 333 1525 390 1590; x_wconf 85' lang='lat' dir='ltr'>sed</span> <span class='ocrx_word' id='word_1_81' title='bbox 413 1525 484 1588; x_wconf 84' lang='lat' dir='ltr'>haee</span> <span class='ocrx_word' id='word_1_82' title='bbox 506 1529 554 1588; x_wconf 89' lang='lat' dir='ltr'>est</span> <span class='ocrx_word' id='word_1_83' title='bbox 578 1523 694 1588; x_wconf 86' lang='lat' dir='ltr'>melior</span> <span class='ocrx_word' id='word_1_84' title='bbox 716 1527 787 1589; x_wconf 90' lang='lat' dir='ltr'>tum</span> <span class='ocrx_word' id='word_1_85' title='bbox 811 1524 888 1606; x_wconf 86' lang='lat' dir='ltr'>quia</span> <span class='ocrx_word' id='word_1_86' title='bbox 911 1528 960 1586; x_wconf 89' lang='lat' dir='ltr'>est</span> <span class='ocrx_word' id='word_1_87' title='bbox 983 1520 1170 1588; x_wconf 83' lang='lat' dir='ltr'>seeundum</span> <span class='ocrx_word' id='word_1_88' title='bbox 1193 1519 1248 1584; x_wconf 93' lang='lat' dir='ltr'>in·</span> 
     </span>
     <span class='ocr_line' id='line_1_14' title="bbox 229 1608 1247 1700; baseline -0.004 -24"><span class='ocrx_word' id='word_1_89' title='bbox 229 1613 406 1700; x_wconf 78' lang='lat' dir='ltr'>tellectum,</span> <span class='ocrx_word' id='word_1_90' title='bbox 429 1617 462 1677; x_wconf 88' lang='lat' dir='ltr'>et</span> <span class='ocrx_word' id='word_1_91' title='bbox 485 1612 525 1677; x_wconf 92' lang='lat' dir='ltr'>de</span> <span class='ocrx_word' id='word_1_92' title='bbox 548 1612 676 1679; x_wconf 87' lang='lat' dir='ltr'>obieeto</span> <span class='ocrx_word' id='word_1_93' title='bbox 699 1612 849 1696; x_wconf 79' lang='lat' dir='ltr'>proprie,</span> <span class='ocrx_word' id='word_1_94' title='bbox 872 1612 957 1678; x_wconf 88' lang='lat' dir='ltr'>idest</span> <span class='ocrx_word' id='word_1_95' title='bbox 979 1608 1190 1692; x_wconf 79' lang='lat' dir='ltr'>intelligibili,</span> <span class='ocrx_word' id='word_1_96' title='bbox 1213 1613 1247 1673; x_wconf 88' lang='lat' dir='ltr'>et</span> 
     </span>
     <span class='ocr_line' id='line_1_15' title="bbox 228 1698 1248 1785; baseline -0.004 -18"><span class='ocrx_word' id='word_1_97' title='bbox 228 1704 327 1768; x_wconf 90' lang='lat' dir='ltr'>homo</span> <span class='ocrx_word' id='word_1_98' title='bbox 349 1703 385 1768; x_wconf 92' lang='lat' dir='ltr'>in</span> <span class='ocrx_word' id='word_1_99' title='bbox 408 1704 469 1768; x_wconf 89' lang='lat' dir='ltr'>hae</span> <span class='ocrx_word' id='word_1_100' title='bbox 492 1706 541 1767; x_wconf 84' lang='lat' dir='ltr'>est</span> <span class='ocrx_word' id='word_1_101' title='bbox 563 1700 665 1785; x_wconf 78' lang='lat' dir='ltr'>magis</span> <span class='ocrx_word' id='word_1_102' title='bbox 687 1702 749 1767; x_wconf 88' lang='lat' dir='ltr'>sibi</span> <span class='ocrx_word' id='word_1_103' title='bbox 782 1701 958 1784; x_wconf 86' lang='lat' dir='ltr'>suliieiens,</span> <span class='ocrx_word' id='word_1_104' title='bbox 981 1718 1058 1766; x_wconf 87' lang='lat' dir='ltr'>oum</span> <span class='ocrx_word' id='word_1_105' title='bbox 1082 1698 1248 1782; x_wconf 80' lang='lat' dir='ltr'>pauciori·</span> 
     </span>
     <span class='ocr_line' id='line_1_16' title="bbox 229 1788 1247 1876; baseline -0.003 -19"><span class='ocrx_word' id='word_1_106' title='bbox 229 1792 290 1857; x_wconf 87' lang='lat' dir='ltr'>hus</span> <span class='ocrx_word' id='word_1_107' title='bbox 306 1790 467 1876; x_wconf 82' lang='lat' dir='ltr'>indigeat;</span> <span class='ocrx_word' id='word_1_108' title='bbox 490 1795 524 1856; x_wconf 90' lang='lat' dir='ltr'>et</span> <span class='ocrx_word' id='word_1_109' title='bbox 539 1793 609 1858; x_wconf 81' lang='lat' dir='ltr'>hmo</span> <span class='ocrx_word' id='word_1_110' title='bbox 632 1795 767 1875; x_wconf 85' lang='lat' dir='ltr'>propter</span> <span class='ocrx_word' id='word_1_111' title='bbox 787 1810 822 1856; x_wconf 84' lang='lat' dir='ltr'>se</span> <span class='ocrx_word' id='word_1_112' title='bbox 837 1791 997 1875; x_wconf 76' lang='lat' dir='ltr'>diligitur,</span> <span class='ocrx_word' id='word_1_113' title='bbox 1017 1788 1131 1854; x_wconf 86' lang='lat' dir='ltr'>illaad</span> <span class='ocrx_word' id='word_1_114' title='bbox 1149 1788 1247 1866; x_wconf 85' lang='lat' dir='ltr'>alioa;</span> 
     </span>
     <span class='ocr_line' id='line_1_17' title="bbox 229 1877 1248 1958; baseline -0.004 -13"><span class='ocrx_word' id='word_1_115' title='bbox 229 1881 300 1946; x_wconf 87' lang='lat' dir='ltr'>haee</span> <span class='ocrx_word' id='word_1_116' title='bbox 320 1883 503 1946; x_wconf 84' lang='lat' dir='ltr'>seeundum</span> <span class='ocrx_word' id='word_1_117' title='bbox 538 1881 667 1958; x_wconf 92' lang='lat' dir='ltr'>divina,</span> <span class='ocrx_word' id='word_1_118' title='bbox 699 1881 754 1945; x_wconf 89' lang='lat' dir='ltr'>illa</span> <span class='ocrx_word' id='word_1_119' title='bbox 776 1883 961 1946; x_wconf 84' lang='lat' dir='ltr'>seeundum</span> <span class='ocrx_word' id='word_1_120' title='bbox 984 1882 1141 1944; x_wconf 85' lang='lat' dir='ltr'><strong>humana.</strong></span> <span class='ocrx_word' id='word_1_121' title='bbox 1164 1877 1248 1942; x_wconf 89' lang='lat' dir='ltr'>ltem</span> 
     </span>
     <span class='ocr_line' id='line_1_18' title="bbox 229 1968 1248 2053; baseline -0.002 -19"><span class='ocrx_word' id='word_1_122' title='bbox 229 1974 425 2052; x_wconf 87' lang='lat' dir='ltr'>potestesse</span> <span class='ocrx_word' id='word_1_123' title='bbox 449 1970 551 2053; x_wconf 81' lang='lat' dir='ltr'>magis</span> <span class='ocrx_word' id='word_1_124' title='bbox 574 1968 742 2048; x_wconf 90' lang='lat' dir='ltr'>oontinua,</span> <span class='ocrx_word' id='word_1_125' title='bbox 763 1969 843 2035; x_wconf 81' lang='lat' dir='ltr'>lieet</span> <span class='ocrx_word' id='word_1_126' title='bbox 862 1988 929 2035; x_wconf 93' lang='lat' dir='ltr'>non</span> <span class='ocrx_word' id='word_1_127' title='bbox 953 1969 989 2034; x_wconf 91' lang='lat' dir='ltr'>in</span> <span class='ocrx_word' id='word_1_128' title='bbox 1012 1985 1144 2034; x_wconf 89' lang='lat' dir='ltr'>summo</span> <span class='ocrx_word' id='word_1_129' title='bbox 1167 1986 1248 2034; x_wconf 87' lang='lat' dir='ltr'>oon·</span> 
     </span>
     <span class='ocr_line' id='line_1_19' title="bbox 230 2056 1248 2143; baseline -0.002 -20"><span class='ocrx_word' id='word_1_130' title='bbox 230 2059 460 2142; x_wconf 73' lang='lat' dir='ltr'>templationio</span> <span class='ocrx_word' id='word_1_131' title='bbox 484 2056 564 2124; x_wconf 86' lang='lat' dir='ltr'>ltem</span> <span class='ocrx_word' id='word_1_132' title='bbox 586 2059 768 2124; x_wconf 86' lang='lat' dir='ltr'>seeundum</span> <span class='ocrx_word' id='word_1_133' title='bbox 803 2058 884 2143; x_wconf 91' lang='lat' dir='ltr'>quid</span> <span class='ocrx_word' id='word_1_134' title='bbox 908 2061 1043 2142; x_wconf 90' lang='lat' dir='ltr'>propter</span> <span class='ocrx_word' id='word_1_135' title='bbox 1071 2056 1248 2123; x_wconf 83' lang='lat' dir='ltr'>necessita·</span> 
     </span>
     <span class='ocr_line' id='line_1_20' title="bbox 231 2146 1248 2232; baseline -0.002 -20"><span class='ocrx_word' id='word_1_136' title='bbox 231 2150 297 2212; x_wconf 91' lang='lat' dir='ltr'>tem</span> <span class='ocrx_word' id='word_1_137' title='bbox 321 2147 491 2232; x_wconf 86' lang='lat' dir='ltr'>praesentis</span> <span class='ocrx_word' id='word_1_138' title='bbox 513 2148 601 2228; x_wconf 80' lang='lat' dir='ltr'>vitm,</span> <span class='ocrx_word' id='word_1_139' title='bbox 617 2149 795 2232; x_wconf 89' lang='lat' dir='ltr'>aliquando</span> <span class='ocrx_word' id='word_1_140' title='bbox 813 2151 863 2214; x_wconf 88' lang='lat' dir='ltr'>est</span> <span class='ocrx_word' id='word_1_141' title='bbox 884 2146 1035 2232; x_wconf 78' lang='lat' dir='ltr'>eligibilis</span> <span class='ocrx_word' id='word_1_142' title='bbox 1058 2146 1160 2230; x_wconf 74' lang='lat' dir='ltr'>magis</span> <span class='ocrx_word' id='word_1_143' title='bbox 1176 2146 1248 2210; x_wconf 91' lang='lat' dir='ltr'>vita</span> 
     </span>
     <span class='ocr_line' id='line_1_21' title="bbox 229 2235 1250 2322; baseline -0.002 -20"><span class='ocrx_word' id='word_1_144' title='bbox 229 2237 346 2316; x_wconf 75' lang='lat' dir='ltr'>activa,</span> <span class='ocrx_word' id='word_1_145' title='bbox 372 2243 409 2302; x_wconf 91' lang='lat' dir='ltr'>ut</span> <span class='ocrx_word' id='word_1_146' title='bbox 432 2241 567 2320; x_wconf 88' lang='lat' dir='ltr'>propter</span> <span class='ocrx_word' id='word_1_147' title='bbox 590 2240 826 2322; x_wconf 80' lang='lat' dir='ltr'><strong>paupertatem.</strong></span> <span class='ocrx_word' id='word_1_148' title='bbox 850 2236 931 2302; x_wconf 89' lang='lat' dir='ltr'>ltem</span> <span class='ocrx_word' id='word_1_149' title='bbox 953 2235 1080 2320; x_wconf 87' lang='lat' dir='ltr'>praelati</span> <span class='ocrx_word' id='word_1_150' title='bbox 1104 2254 1172 2302; x_wconf 91' lang='lat' dir='ltr'>non</span> <span class='ocrx_word' id='word_1_151' title='bbox 1197 2255 1250 2300; x_wconf 91' lang='lat' dir='ltr'>so·</span> 
     </span>
     <span class='ocr_line' id='line_1_22' title="bbox 230 2325 1249 2407; baseline -0.002 -17"><span class='ocrx_word' id='word_1_152' title='bbox 230 2325 301 2392; x_wconf 91' lang='lat' dir='ltr'>lum</span> <span class='ocrx_word' id='word_1_153' title='bbox 324 2326 359 2392; x_wconf 91' lang='lat' dir='ltr'>in</span> <span class='ocrx_word' id='word_1_154' title='bbox 382 2326 569 2406; x_wconf 84' lang='lat' dir='ltr'>netiva,sed</span> <span class='ocrx_word' id='word_1_155' title='bbox 591 2329 716 2392; x_wconf 88' lang='lat' dir='ltr'>debent</span> <span class='ocrx_word' id='word_1_156' title='bbox 736 2326 900 2392; x_wconf 74' lang='lat' dir='ltr'>expellere</span> <span class='ocrx_word' id='word_1_157' title='bbox 918 2327 954 2392; x_wconf 95' lang='lat' dir='ltr'>in</span> <span class='ocrx_word' id='word_1_158' title='bbox 977 2325 1249 2407; x_wconf 83' lang='lat' dir='ltr'>oontemplatira.</span> 
     </span>
     <span class='ocr_line' id='line_1_23' title="bbox 230 2413 1247 2500; baseline -0.001 -19"><span class='ocrx_word' id='word_1_159' title='bbox 230 2414 311 2482; x_wconf 81' lang='lat' dir='ltr'>Cum</span> <span class='ocrx_word' id='word_1_160' title='bbox 334 2417 441 2500; x_wconf 84' lang='lat' dir='ltr'>quiea</span> <span class='ocrx_word' id='word_1_161' title='bbox 465 2415 721 2500; x_wconf 79' lang='lat' dir='ltr'>contemplativa</span> <span class='ocrx_word' id='word_1_162' title='bbox 736 2417 779 2482; x_wconf 90' lang='lat' dir='ltr'>ad</span> <span class='ocrx_word' id='word_1_163' title='bbox 793 2415 936 2481; x_wconf 77' lang='lat' dir='ltr'>activam</span> <span class='ocrx_word' id='word_1_164' title='bbox 962 2419 1110 2493; x_wconf 73' lang='lat' dir='ltr'>unnatun</span> <span class='ocrx_word' id='word_1_165' title='bbox 1126 2413 1164 2480; x_wconf 93' lang='lat' dir='ltr'>id</span> <span class='ocrx_word' id='word_1_166' title='bbox 1175 2433 1247 2480; x_wconf 85' lang='lat' dir='ltr'>non</span> 
     </span>
     <span class='ocr_line' id='line_1_24' title="bbox 230 2502 1249 2596; baseline -0.001 -28"><span class='ocrx_word' id='word_1_167' title='bbox 230 2505 269 2568; x_wconf 88' lang='lat' dir='ltr'>lit</span> <span class='ocrx_word' id='word_1_168' title='bbox 292 2524 351 2588; x_wconf 90' lang='lat' dir='ltr'>per</span> <span class='ocrx_word' id='word_1_169' title='bbox 374 2507 509 2576; x_wconf 92' lang='lat' dir='ltr'>modum</span> <span class='ocrx_word' id='word_1_170' title='bbox 544 2506 813 2596; x_wconf 74' lang='lat' dir='ltr'>subtractionis,¹</span> <span class='ocrx_word' id='word_1_171' title='bbox 831 2506 889 2571; x_wconf 87' lang='lat' dir='ltr'>sed</span> <span class='ocrx_word' id='word_1_172' title='bbox 911 2502 1088 2572; x_wconf 71' lang='lat' dir='ltr'>additionis</span> <span class='ocrx_word' id='word_1_173' title='bbox 1110 2507 1249 2587; x_wconf 87' lang='lat' dir='ltr'>propter</span> 
     </span>
     <span class='ocr_line' id='line_1_25' title="bbox 230 2593 929 2678; baseline 0.004 -20"><span class='ocrx_word' id='word_1_174' title='bbox 230 2593 374 2678; x_wconf 88' lang='lat' dir='ltr'>aliquam</span> <span class='ocrx_word' id='word_1_175' title='bbox 398 2594 625 2660; x_wconf 66' lang='lat' dir='ltr'><strong>nenessitatem</strong></span> <span class='ocrx_word' id='word_1_176' title='bbox 649 2593 818 2678; x_wconf 84' lang='lat' dir='ltr'>praesentis</span> <span class='ocrx_word' id='word_1_177' title='bbox 842 2595 929 2662; x_wconf 87' lang='lat' dir='ltr'>vitae.</span> 
     </span>
    </p>

    <p class='ocr_par' dir='ltr' id='par_1_7' title="bbox 208 2679 1251 3286">
     <span class='ocr_line' id='line_1_26' title="bbox 208 2679 1251 2767; baseline 0.003 -18"><span class='ocrx_word' id='word_1_178' title='bbox 208 2679 277 2749; x_wconf 78' lang='lat' dir='ltr'>Art.</span> <span class='ocrx_word' id='word_1_179' title='bbox 301 2683 333 2750; x_wconf 76' lang='lat'>2.</span> <span class='ocrx_word' id='word_1_180' title='bbox 355 2682 404 2750; x_wconf 82' lang='lat' dir='ltr'>Aa</span> <span class='ocrx_word' id='word_1_181' title='bbox 427 2687 492 2750; x_wconf 82' lang='lat' dir='ltr'>vito</span> <span class='ocrx_word' id='word_1_182' title='bbox 513 2687 614 2751; x_wconf 81' lang='lat' dir='ltr'>uotiua</span> <span class='ocrx_word' id='word_1_183' title='bbox 636 2687 681 2750; x_wconf 81' lang='lat' dir='ltr'>sit</span> <span class='ocrx_word' id='word_1_184' title='bbox 706 2685 832 2750; x_wconf 78' lang='lat' dir='ltr'>motoris</span> <span class='ocrx_word' id='word_1_185' title='bbox 855 2686 975 2766; x_wconf 80' lang='lat' dir='ltr'>meriti,</span> <span class='ocrx_word' id='word_1_186' title='bbox 1007 2701 1099 2767; x_wconf 78' lang='lat' dir='ltr'>quum</span> <span class='ocrx_word' id='word_1_187' title='bbox 1120 2688 1251 2752; x_wconf 65' lang='lat' dir='ltr'>momm-</span> 
     </span>
     <span class='ocr_line' id='line_1_27' title="bbox 229 2772 1250 2858; baseline 0.004 -22"><span class='ocrx_word' id='word_1_188' title='bbox 229 2772 358 2853; x_wconf 77' lang='lat' dir='ltr'>plotivo.</span> <span class='ocrx_word' id='word_1_189' title='bbox 383 2777 417 2857; x_wconf 66' lang='lat' dir='ltr'>ri„</span> <span class='ocrx_word' id='word_1_190' title='bbox 443 2774 487 2839; x_wconf 71' lang='lat' dir='ltr'>lia</span> <span class='ocrx_word' id='word_1_191' title='bbox 511 2793 632 2857; x_wconf 80' lang='lat' dir='ltr'>genere</span> <span class='ocrx_word' id='word_1_192' title='bbox 654 2793 726 2850; x_wconf 51' lang='lat' dir='ltr'>auor</span> <span class='ocrx_word' id='word_1_193' title='bbox 747 2791 832 2854; x_wconf 89' lang='lat' dir='ltr'>non;</span> <span class='ocrx_word' id='word_1_194' title='bbox 855 2776 1070 2853; x_wconf 76' lang='lat' dir='ltr'>sed=oontro;·</span> <span class='ocrx_word' id='word_1_195' title='bbox 1084 2772 1250 2858; x_wconf 73' lang='lat' dir='ltr'>quinimo</span> 
     </span>
     <span class='ocr_line' id='line_1_28' title="bbox 233 2860 1250 2947; baseline 0.005 -22"><span class='ocrx_word' id='word_1_196' title='bbox 233 2860 390 2928; x_wconf 77' lang='lat' dir='ltr'>directius</span> <span class='ocrx_word' id='word_1_197' title='bbox 413 2862 560 2946; x_wconf 79' lang='lat' dir='ltr'><strong>pertinet</strong></span> <span class='ocrx_word' id='word_1_198' title='bbox 580 2866 624 2930; x_wconf 90' lang='lat' dir='ltr'>ad</span> <span class='ocrx_word' id='word_1_199' title='bbox 654 2863 864 2930; x_wconf 73' lang='lat' dir='ltr'>dilectionem</span> <span class='ocrx_word' id='word_1_200' title='bbox 887 2863 961 2945; x_wconf 88' lang='lat' dir='ltr'>Dei,</span> <span class='ocrx_word' id='word_1_201' title='bbox 983 2880 1060 2947; x_wconf 79' lang='lat' dir='ltr'>qum</span> <span class='ocrx_word' id='word_1_202' title='bbox 1080 2867 1130 2928; x_wconf 82' lang='lat' dir='ltr'>est</span> <span class='ocrx_word' id='word_1_203' title='bbox 1151 2863 1250 2930; x_wconf 83' lang='lat' dir='ltr'>radix</span> 
     </span>
     <span class='ocr_line' id='line_1_29' title="bbox 233 2951 1249 3035; baseline 0.001 -20"><span class='ocrx_word' id='word_1_204' title='bbox 233 2951 364 3030; x_wconf 88' lang='lat' dir='ltr'>meriti;</span> <span class='ocrx_word' id='word_1_205' title='bbox 395 2954 502 3018; x_wconf 83' lang='lat' dir='ltr'>aotiva</span> <span class='ocrx_word' id='word_1_206' title='bbox 524 2953 681 3020; x_wconf 79' lang='lat' dir='ltr'>directius</span> <span class='ocrx_word' id='word_1_207' title='bbox 703 2953 746 3018; x_wconf 92' lang='lat' dir='ltr'>ad</span> <span class='ocrx_word' id='word_1_208' title='bbox 768 2971 916 3018; x_wconf 87' lang='lat' dir='ltr'>amorem</span> <span class='ocrx_word' id='word_1_209' title='bbox 949 2952 1108 3035; x_wconf 76' lang='lat' dir='ltr'>proxim13</span> <span class='ocrx_word' id='word_1_210' title='bbox 1137 2953 1198 3020; x_wconf 84' lang='lat' dir='ltr'>sed</span> <span class='ocrx_word' id='word_1_211' title='bbox 1222 2953 1249 3018; x_wconf 84' lang='lat' dir='ltr'>si</span> 
     </span>
     <span class='ocr_line' id='line_1_30' title="bbox 232 3039 1250 3122; baseline 0.004 -18"><span class='ocrx_word' id='word_1_212' title='bbox 232 3039 306 3122; x_wconf 82' lang='lat' dir='ltr'>quis</span> <span class='ocrx_word' id='word_1_213' title='bbox 328 3043 371 3106; x_wconf 81' lang='lat' dir='ltr'>olr</span> <span class='ocrx_word' id='word_1_214' title='bbox 395 3041 552 3108; x_wconf 86' lang='lat' dir='ltr'>maiorem</span> <span class='ocrx_word' id='word_1_215' title='bbox 576 3059 721 3109; x_wconf 87' lang='lat' dir='ltr'>amorem</span> <span class='ocrx_word' id='word_1_216' title='bbox 738 3041 796 3106; x_wconf 89' lang='lat' dir='ltr'>Dei</span> <span class='ocrx_word' id='word_1_217' title='bbox 820 3042 917 3107; x_wconf 87' lang='lat' dir='ltr'>vellet</span> <span class='ocrx_word' id='word_1_218' title='bbox 932 3044 974 3108; x_wconf 87' lang='lat' dir='ltr'>ad</span> <span class='ocrx_word' id='word_1_219' title='bbox 990 3046 1120 3122; x_wconf 82' lang='lat' dir='ltr'>tempus</span> <span class='ocrx_word' id='word_1_220' title='bbox 1133 3061 1250 3108; x_wconf 88' lang='lat' dir='ltr'>oarere</span> 
     </span>
     <span class='ocr_line' id='line_1_31' title="bbox 231 3129 1250 3216; baseline 0.004 -23"><span class='ocrx_word' id='word_1_221' title='bbox 231 3129 407 3196; x_wconf 80' lang='lat' dir='ltr'>dulcedine</span> <span class='ocrx_word' id='word_1_222' title='bbox 430 3131 715 3214; x_wconf 73' lang='lat' dir='ltr'>contemplationis</span> <span class='ocrx_word' id='word_1_223' title='bbox 743 3135 878 3214; x_wconf 88' lang='lat' dir='ltr'>propter</span> <span class='ocrx_word' id='word_1_224' title='bbox 905 3130 1111 3215; x_wconf 85' lang='lat' dir='ltr'>proximum,</span> <span class='ocrx_word' id='word_1_225' title='bbox 1142 3133 1250 3216; x_wconf 77' lang='lat' dir='ltr'>magis</span> 
     </span>
     <span class='ocr_line' id='line_1_32' title="bbox 231 3224 425 3286; baseline 0.005 -4"><span class='ocrx_word' id='word_1_226' title='bbox 231 3224 425 3286; x_wconf 87' lang='lat' dir='ltr'>mereretur.</span> 
     </span>
    </p>

    <p class='ocr_par' dir='ltr' id='par_1_8' title="bbox 208 3304 1250 3840">
     <span class='ocr_line' id='line_1_33' title="bbox 208 3304 1250 3395; baseline 0.004 -21"><span class='ocrx_word' id='word_1_227' title='bbox 208 3304 277 3374; x_wconf 77' lang='lat' dir='ltr'>Art.</span> <span class='ocrx_word' id='word_1_228' title='bbox 301 3308 333 3376; x_wconf 85' lang='grc'>3.</span> <span class='ocrx_word' id='word_1_229' title='bbox 356 3312 407 3374; x_wconf 82' lang='lat' dir='ltr'>Aa</span> <span class='ocrx_word' id='word_1_230' title='bbox 429 3311 495 3376; x_wconf 83' lang='lat' dir='ltr'>vito</span> <span class='ocrx_word' id='word_1_231' title='bbox 516 3311 615 3376; x_wconf 82' lang='lat' dir='ltr'>oetion</span> <span class='ocrx_word' id='word_1_232' title='bbox 638 3309 783 3392; x_wconf 75' lang='lat' dir='ltr'>impediat</span> <span class='ocrx_word' id='word_1_233' title='bbox 807 3310 1078 3394; x_wconf 78' lang='lat' dir='ltr'>contemplativam.</span> <span class='ocrx_word' id='word_1_234' title='bbox 1102 3313 1137 3395; x_wconf 73' lang='lat' dir='ltr'>d·</span> <span class='ocrx_word' id='word_1_235' title='bbox 1161 3311 1250 3395; x_wconf 81' lang='lat' dir='ltr'>Qua-</span> 
     </span>
     <span class='ocr_line' id='line_1_34' title="bbox 232 3399 1249 3484; baseline 0.009 -25"><span class='ocrx_word' id='word_1_236' title='bbox 232 3400 329 3464; x_wconf 91' lang='lat' dir='ltr'>tenus</span> <span class='ocrx_word' id='word_1_237' title='bbox 352 3399 459 3464; x_wconf 87' lang='lat' dir='ltr'>aotiva</span> <span class='ocrx_word' id='word_1_238' title='bbox 482 3399 649 3482; x_wconf 85' lang='lat' dir='ltr'>componit</span> <span class='ocrx_word' id='word_1_239' title='bbox 670 3404 704 3464; x_wconf 86' lang='lat' dir='ltr'>et</span> <span class='ocrx_word' id='word_1_240' title='bbox 726 3399 859 3465; x_wconf 86' lang='lat' dir='ltr'>ordinat</span> <span class='ocrx_word' id='word_1_241' title='bbox 881 3400 1055 3466; x_wconf 84' lang='lat' dir='ltr'>interiores</span> <span class='ocrx_word' id='word_1_242' title='bbox 1082 3400 1249 3484; x_wconf 78' lang='lat' dir='ltr'>passioneo</span> 
     </span>
     <span class='ocr_line' id='line_1_35' title="bbox 233 3487 1249 3574; baseline 0.007 -24"><span class='ocrx_word' id='word_1_243' title='bbox 233 3488 371 3565; x_wconf 84' lang='lat' dir='ltr'>animae,</span> <span class='ocrx_word' id='word_1_244' title='bbox 396 3507 463 3553; x_wconf 95' lang='lat' dir='ltr'>non</span> <span class='ocrx_word' id='word_1_245' title='bbox 494 3487 646 3571; x_wconf 87' lang='lat' dir='ltr'>impedit,</span> <span class='ocrx_word' id='word_1_246' title='bbox 669 3490 726 3554; x_wconf 86' lang='lat' dir='ltr'>sed</span> <span class='ocrx_word' id='word_1_247' title='bbox 748 3488 884 3555; x_wconf 86' lang='lat' dir='ltr'>adiuvat</span> <span class='ocrx_word' id='word_1_248' title='bbox 917 3491 1249 3574; x_wconf 68' lang='lat' dir='ltr'>contemplationem</span> 
     </span>
     <span class='ocr_line' id='line_1_36' title="bbox 233 3577 1250 3660; baseline 0.006 -20"><span class='ocrx_word' id='word_1_249' title='bbox 233 3577 291 3640; x_wconf 88' lang='lat' dir='ltr'>sed</span> <span class='ocrx_word' id='word_1_250' title='bbox 315 3579 478 3660; x_wconf 90' lang='lat' dir='ltr'>quantum</span> <span class='ocrx_word' id='word_1_251' title='bbox 501 3579 544 3643; x_wconf 89' lang='lat' dir='ltr'>ad</span> <span class='ocrx_word' id='word_1_252' title='bbox 567 3577 758 3644; x_wconf 83' lang='lat' dir='ltr'>exemitium</span> <span class='ocrx_word' id='word_1_253' title='bbox 782 3579 983 3646; x_wconf 78' lang='lat' dir='ltr'>exteriorum</span> <span class='ocrx_word' id='word_1_254' title='bbox 1006 3581 1175 3647; x_wconf 82' lang='lat' dir='ltr'>actionum</span> <span class='ocrx_word' id='word_1_255' title='bbox 1189 3581 1250 3646; x_wconf 90' lang='lat' dir='ltr'>im·</span> 
     </span>
     <span class='ocr_line' id='line_1_37' title="bbox 234 3664 1249 3752; baseline 0.012 -24"><span class='ocrx_word' id='word_1_256' title='bbox 234 3665 339 3744; x_wconf 82' lang='lat' dir='ltr'>pedit,</span> <span class='ocrx_word' id='word_1_257' title='bbox 362 3664 530 3748; x_wconf 87' lang='lat' dir='ltr'>quianon</span> <span class='ocrx_word' id='word_1_258' title='bbox 566 3671 673 3749; x_wconf 86' lang='lat' dir='ltr'>potest</span> <span class='ocrx_word' id='word_1_259' title='bbox 700 3667 773 3750; x_wconf 83' lang='lat' dir='ltr'>quie</span> <span class='ocrx_word' id='word_1_260' title='bbox 794 3669 947 3752; x_wconf 75' lang='lat' dir='ltr'>occupari</span> <span class='ocrx_word' id='word_1_261' title='bbox 971 3670 1005 3735; x_wconf 91' lang='lat' dir='ltr'>in</span> <span class='ocrx_word' id='word_1_262' title='bbox 1030 3670 1249 3740; x_wconf 80' lang='lat' dir='ltr'>exterioribus</span> 
     </span>
     <span class='ocr_line' id='line_1_38' title="bbox 231 3751 514 3840; baseline 0.004 -22"><span class='ocrx_word' id='word_1_263' title='bbox 231 3755 266 3818; x_wconf 84' lang='lat' dir='ltr'>et</span> <span class='ocrx_word' id='word_1_264' title='bbox 287 3751 514 3840; x_wconf 75' lang='lat' dir='ltr'>contemplari.</span> 
     </span>
    </p>
   </div>
   <div class='ocr_carea' id='block_1_7' title="bbox 0 0 1313 4210">
    <p class='ocr_par' dir='ltr' id='par_1_9' title="bbox 0 0 1313 4210">
     <span class='ocr_line' id='line_1_39' title="bbox 0 0 1313 4210; baseline 0 0"><span class='ocrx_word' id='word_1_265' title='bbox 0 0 1313 4210; x_wconf 95' lang='lat' dir='ltr'> </span> 
     </span>
    </p>
   </div>
  </div>
 </body>
</html>
