2652 4198
285 117 333 184 58·
601 135 780 184 rex-romu
808 135 925 184 roure

260 291 414 356 attentum
442 307 509 354 non
538 291 602 366 est,
630 289 692 354 nisi
717 289 886 370 superbia,
911 290 943 352 ot
966 287 1108 360 invidia.
1134 287 1216 370 quia
1240 291 1285 350 est

259 379 452 464 spiritualiS,
487 383 520 442 ot
555 374 660 442 doluit
692 377 847 442 debono
875 375 949 455 Dei,
977 378 1163 458 appetendo
1189 395 1284 440 suam

258 469 469 552 singularem
494 466 731 532 excellentiam.
767 466 846 530 ltem
881 466 915 531 in
950 467 1102 532 daemone
1143 465 1284 549 possunt

258 578 326 624 esse
353 555 465 646 omnia
492 560 623 640 prorata
649 559 812 639 quantum
836 555 878 622 ad
902 560 1047 633 reatum,
1071 555 1149 638 quia
1174 555 1284 620 homi-

259 667 317 714 nes
340 646 514 730 impollunt
537 649 580 714 ad
602 645 713 712 omnia
739 649 881 728 peccata,
898 648 935 710 ut
952 645 1135 728 impediant
1151 645 1284 710 bonum

258 738 467 804 humanum*

233 821 302 893 Art.
326 825 357 892 3.
380 823 430 892 dn
452 824 587 892 diodolus
610 826 775 907 oppetierit
795 844 855 889 esse
878 830 914 892 ut
935 823 1026 892 Dros.
1060 825 1095 906 ri.
1125 822 1198 902 Sie,
1228 824 1285 888 sed

258 935 327 982 non
360 934 417 999 per
447 915 685 1000 aequalitatem,
717 915 794 999 qnia
825 913 948 978 sciebat
971 934 1040 978 esse
1064 911 1285 994 impossibile,

222 1047 224 1054 ,
258 1010 291 1070 et
314 1007 455 1088 optasset
477 1003 628 1070 desinere
651 1003 828 1088 Angelum,
858 1004 1044 1087 quoderat
1073 1021 1169 1094 suum
1197 1022 1285 1078 esse,

257 1093 342 1160 sieut
370 1093 396 1158 si
429 1092 540 1160 asinus
569 1097 709 1176 optasset
736 1113 803 1158 esse
830 1111 948 1178 equum
972 1091 1030 1158 sed
1053 1091 1191 1174 appetiit
1216 1111 1286 1156 esse

258 1182 374 1263 Deum,
399 1202 457 1269 per
479 1181 741 1260 similitudinem,
766 1203 834 1248 non
859 1185 893 1248 in
918 1185 1080 1266 quantum
1106 1181 1216 1266 potuit
1237 1199 1283 1245 as·

258 1273 410 1352 similari,
434 1271 511 1356 quia
535 1291 603 1338 non
627 1276 699 1336 erat
723 1274 909 1354 peceatum,
934 1272 991 1336 sed
1016 1272 1049 1336 in
1074 1291 1130 1350 eo,
1155 1271 1189 1336 in
1217 1289 1285 1354 quo

258 1381 326 1430 non
361 1367 409 1428 est
443 1368 537 1444 aptus
572 1361 759 1440 assimilari,
794 1361 883 1444 quod
915 1365 963 1427 est
994 1363 1175 1443 peceatum.
1200 1360 1284 1425 ltem

258 1455 430 1534 peceatum
453 1449 566 1534 dngeli
591 1451 643 1514 vel
668 1451 740 1529 luit,
767 1451 844 1534 quia
869 1451 968 1516 tiuem
993 1451 1157 1533 adquam
1182 1453 1284 1514 natu·

212 1531 218 1548 ⁸
258 1541 371 1606 naliter
406 1543 534 1623 poterat
565 1539 741 1623 pervenire
774 1537 927 1622 appetiit,
958 1545 995 1604 ut
1022 1539 1193 1616 ultimum;
1233 1538 1283 1602 vel

257 1628 334 1713 quia
357 1628 462 1694 voluit
485 1629 621 1713 gloriam
648 1649 714 1694 non
740 1649 780 1694 ex
803 1629 919 1712 gratia,
943 1629 1001 1692 sed
1020 1627 1112 1714 quasi
1128 1628 1284 1694 debitum

257 1736 325 1784 suae
349 1723 491 1798 natnrae,
516 1718 617 1786 etsie
641 1719 746 1783 voluit
771 1717 1008 1788 beatitudinem
1032 1737 1091 1802 per
1113 1737 1162 1796 se,
1190 1718 1284 1801 quod

257 1808 316 1874 soli
338 1807 406 1874 Deo
430 1807 598 1880 convenit.
622 1813 656 1873 et
678 1808 726 1874 sio
748 1826 847 1890 supra
870 1827 915 1872 se.

236 1895 304 1963 Art.
329 1896 360 1965 d.
383 1898 432 1966 An
456 1898 554 1982 olipot
576 1897 721 1965 domolus
744 1899 810 1963 sirit
833 1897 1018 1964 naturaliter
1041 1896 1125 1964 moli.
1144 1899 1177 1980 il.
1197 1896 1283 1972 Non,

258 1987 336 2072 mila
360 1991 556 2055 naturaliter
580 1988 785 2054 inclinantur
808 1985 842 2052 in
868 1989 992 2055 bonurn
1010 1985 1206 2066 universale,
1224 1985 1283 2052 sed

260 2073 455 2142 voluntarie‘*
469 2081 548 2144 sunt
572 2077 660 2141 mali.

260 2162 452 2230 *Dolositas
476 2165 510 2231 io
536 2166 635 2248 vulpe
659 2185 727 2230 non
759 2167 807 2229 est
837 2165 922 2232 mala
957 2164 1066 2248 vulpi,
1100 2165 1158 2230 sed
1191 2164 1283 2244 aliis,

258 2252 336 2357 quia
371 2252 417 2319 illi
447 2257 495 2320 est
517 2255 559 2320 ad
589 2254 714 2320 victum
736 2253 895 2344 sagaciter
917 2255 1134 2340 quaerendum
1169 2275 1283 2323 neces·

258 2362 355 2409 sarra.

236 2431 304 2502 Art.
329 2431 711 2520 admininistrat
738 2435 835 2502 malin
864 2437 899 2502 in
928 2438 1027 2519 primo
1057 2437 1191 2503 instanti
1220 2454 1284 2504 stro

255 2527 421 2591 creationis
442 2543 496 2608 per
518 2525 637 2610 rolpoto
659 2529 792 2610 proprio
815 2527 992 2592 voluntatis.
1027 2527 1060 2610 ri.
1088 2526 1174 2606 Non,
1200 2529 1283 2612 quia

254 2615 400 2696 operatio
431 2613 593 2698 incipiens
626 2635 704 2682 oum
735 2635 804 2682 esse
834 2615 882 2681 rei
907 2615 1067 2681 tribuitur
1090 2617 1219 2700 agenti,
1247 2621 1281 2683 et

252 2702 299 2768 sio
322 2701 408 2768 Deus
430 2709 513 2769 esset
536 2725 632 2773 eausa
656 2706 796 2790 peceati,
823 2706 913 2789 quod
940 2712 989 2770 est
1019 2724 1131 2772 orror:
1163 2705 1280 2789 potuit

254 2795 365 2857 tamen
390 2791 510 2858 mereri
533 2793 568 2860 in
593 2796 700 2879 primo
724 2794 877 2874 instanti,
902 2796 978 2880 quia
1003 2794 1159 2862 meritum
1184 2801 1236 2861 est
1262 2817 1281 2862 a

251 2880 329 2946 Deo.
353 2880 433 2946 ltem
456 2900 570 2948 omnes
592 2883 705 2968 dngeli
730 2883 764 2951 in
786 2885 892 2966 primo
908 2883 1279 2965 instantimeruerunt,

251 2972 309 3038 sed
330 2970 497 3037 daemones
521 2991 588 3038 non
611 2975 690 3039 sunt
711 2975 823 3040 statim
848 2973 1033 3052 beatificati,
1057 2974 1135 3058 quia
1159 2977 1280 3042 morti·

250 3060 437 3128 lieaveruut
460 3060 625 3141 meritum,
651 3064 850 3148 praecedens,
875 3068 1022 3146 peonat0;
1046 3070 1079 3129 et
1104 3064 1149 3130 ita
1173 3064 1282 3150 impe·

251 3149 438 3216 dimentum
461 3155 653 3236 posuerunt.
676 3153 757 3218 ltem
780 3153 928 3218 diabolus
953 3152 1099 3236 prenavit
1116 3156 1158 3220 ab
1175 3153 1280 3222 initio

252 3240 317 3304 suit
342 3240 476 3322 peccati,
498 3240 574 3323 quia
599 3261 771 3326 nunquam
794 3243 932 3308 cessarit
956 3263 1101 3328 peceare.

228 3327 297 3399 Art.
321 3325 738 3416 (introducendorum,
769 3339 800 3398 et
824 3333 939 3416 lapsum
961 3331 1073 3417 Arrpeli
1095 3335 1192 3416 [uerit
1216 3337 1279 3402 oli·

251 3440 311 3506 pua
341 3437 435 3486 rouro.
460 3422 495 3504 il.
525 3417 593 3500 Sio,
618 3421 696 3506 quia
720 3422 851 3489 daemon
877 3428 949 3506 post
972 3424 1119 3507 primum
1143 3421 1278 3492 instans

250 3529 318 3576 suae
340 3509 514 3576 creationis
537 3511 694 3593 peccavit.

253 3599 377 3666 'inter
402 3597 469 3666 duo
498 3595 655 3668 instantia
688 3599 723 3678 in
755 3603 946 3688 operatione
978 3602 1168 3672 daemonum
1201 3624 1273 3674 raon

251 3689 350 3760 datur
384 3687 551 3772 medium,
585 3689 663 3780 quia
697 3697 875 3764 sumuntur
911 3713 1010 3780 penes
1045 3694 1275 3782 operationes:
