2604 4210
297 138 364 210 386
542 158 589 210 ax
611 157 778 210 saeorum
803 155 987 210 socorsum.

275 299 395 362 natura
417 297 563 360 bumana
585 291 704 360 Christi
728 299 798 361 erat
821 292 1012 379 singularis,
1042 293 1099 361 sed
1124 314 1197 361 non
1224 313 1292 378 sup·

274 383 422 468 pasitele,
446 383 511 449 nisi
534 383 569 448 in
596 382 714 450 Verbo.

251 471 320 541 slot.
345 474 376 541 3.
399 473 448 541 Ao
462 477 537 541 onio
552 475 596 538 sit
607 475 690 557 focio
705 475 741 538 io
755 477 918 557 supposito,
942 476 989 540 osi
1011 476 1045 540 io
1069 477 1245 557 hypostasi.
1266 475 1292 541 ri.

274 561 310 629 ln
333 561 519 648 supposito,
550 563 601 626 vel
630 564 793 646 hypostasi
828 563 904 648 quia
942 583 1080 646 persona
1111 564 1154 628 ad
1192 566 1292 647 bypo·

271 651 383 719 stasim
407 671 475 719 non
498 650 606 730 addit,
642 650 704 718 nisi
727 652 982 718 determinatam
1007 659 1180 731 naturam,
1214 654 1292 717 idest

271 742 476 820 rationalem,
492 739 576 807 idest
599 740 863 807 intellectualem.
879 741 973 808 Unde
995 741 1031 808 iu
1048 741 1179 808 Christo
1207 742 1292 806 mul·

269 829 417 914 tiplioare
441 849 605 916 personas,
627 849 685 897 seu
707 829 941 911 subsistentias,
958 835 992 896 et
1015 834 1222 917 hypostases,
1239 849 1292 896 seu

269 919 445 1006 supposita,
469 921 521 986 vel
543 918 704 1006 dividere,
728 924 776 986 est
799 920 1003 987 damnatum.

269 1006 285 1038 *
306 1007 452 1077 cbristus
475 1007 598 1076 dieitur
619 1009 725 1088 aliud,
749 1013 784 1075 et
804 1009 894 1076 aliud
917 1015 1052 1094 propter
1076 1014 1238 1087 naturas,
1262 1013 1292 1074 et

268 1117 337 1166 nou
372 1099 470 1178 alius,
500 1102 533 1164 et
555 1098 651 1178 alius,
679 1103 719 1166 ut
740 1098 863 1166 dieitur
885 1099 921 1166 in
951 1099 1122 1180 trinitate,
1147 1102 1292 1183 propter

267 1207 433 1272 personas.
457 1188 538 1256 ltem
559 1185 706 1255 Christus
728 1192 778 1254 est
800 1189 835 1256 iu
857 1189 966 1274 speeie
981 1192 1136 1269 bumana,
1152 1189 1290 1255 ratione

264 1283 395 1346 nature
417 1280 600 1364 assumptae,
616 1281 650 1344 et
665 1296 717 1345 ros
739 1297 807 1345 non
824 1279 961 1362 ponitur
976 1279 1012 1346 in
1027 1279 1135 1364 speeie
1151 1278 1290 1345 ratione

263 1366 547 1447 individuationis,
569 1368 627 1433 sed
650 1373 789 1435 naturis.

240 1452 309 1525 Art.
332 1456 364 1526 l.
386 1456 436 1525 Ao
456 1475 596 1543 persono,
611 1457 658 1523 ool
672 1459 840 1542 hypostasis
864 1457 981 1526 Christi
994 1461 1039 1525 sit
1050 1461 1232 1544 composito
1252 1459 1287 1542 ri.

261 1543 351 1614 Lioet
372 1545 409 1614 in
431 1567 466 1614 se
493 1547 536 1614 sit
556 1565 686 1614 summe
716 1546 872 1632 simplex,
906 1551 1034 1630 tamen,
1066 1553 1104 1614 ut
1132 1547 1284 1616 subsistit

260 1634 389 1704 duabus
411 1637 554 1717 naturis,
577 1636 653 1704 duae
676 1641 772 1705 erant
794 1636 938 1705 rationes
959 1637 1174 1718 subsistendi,
1201 1655 1284 1722 ergo

259 1743 401 1810 persona
423 1731 496 1795 erat
517 1725 714 1810 composita,
747 1726 806 1794 sed
828 1728 899 1792 baeo
921 1727 1113 1812 compositio
1137 1746 1208 1810 pon
1234 1729 1283 1792 est

256 1834 319 1900 per
340 1818 477 1885 modum
500 1815 662 1901 partium,
689 1815 748 1882 sed
770 1833 830 1900 per
852 1818 988 1884 modum
1016 1817 1168 1896 numeri,
1194 1815 1282 1882 idest

238 1903 302 1986 id,
326 1905 362 1972 in
385 1927 450 1992 quo
472 1907 539 1975 duo
562 1905 779 1973 conveniunt.

233 1989 301 2063 Art.
324 1993 357 2065 li.
378 1994 428 2063 Ao
456 1997 493 2062 io
526 1993 647 2064 Christo
681 1997 785 2063 ooioso
818 1995 917 2080 noso
947 1998 1038 2062 sotto
1070 1997 1206 2080 corpori.
1242 1996 1276 2079 ri.

231 2080 294 2165 Sio,
317 2087 367 2152 est
388 2085 430 2153 de
452 2084 528 2164 tide,
551 2085 629 2172 quia
651 2084 713 2152 luit
735 2083 916 2165 animatus,
940 2089 973 2150 et
996 2085 1139 2153 uuivooe
1162 2087 1274 2151 bomo.

253 2171 336 2240 'lix
358 2173 484 2242 unione
515 2174 649 2254 animae,
673 2177 707 2240 et
729 2173 876 2259 eorporis
904 2174 1048 2262 insurgit
1070 2193 1213 2260 persona
1238 2173 1271 2238 in

250 2279 338 2350 puro
360 2265 507 2345 bomine,
529 2283 599 2330 non
621 2262 668 2330 sio
683 2264 718 2332 iu
742 2260 880 2343 Christo,
896 2264 954 2330 sed
976 2269 1149 2350 utrunque
1171 2265 1272 2332 adve-

249 2350 303 2419 nit
323 2373 473 2440 personae
504 2351 736 2439 praeexistenti
766 2352 921 2439 digniori.
951 2353 1031 2421 lteru
1050 2353 1196 2424 Verbum
1223 2356 1270 2418 est

247 2441 450 2528 principium
483 2442 592 2511 omnis
614 2443 691 2509 vite
725 2441 891 2524 effective,
920 2447 954 2509 et
976 2463 1045 2512 uon
1068 2443 1269 2521 formaliter,

246 2532 304 2600 sed
326 2532 438 2602 anima
459 2531 652 2600 formaliter.
1026 2587 1035 2612 ,

223 2616 294 2690 Art
317 2621 349 2692 6.
371 2621 421 2691 Ao
442 2635 555 2692 ootoro
587 2623 720 2693 bonoso
749 2626 794 2691 sit
818 2625 910 2691 ooito
948 2621 1040 2693 Vorto
1069 2621 1267 2690 oooidoototi·

246 2715 301 2777 tor.
327 2713 361 2798 ri.
385 2711 467 2796 lton,
490 2713 568 2800 quia
591 2715 639 2780 est
662 2731 766 2796 error,
795 2731 873 2782 uam
896 2709 1043 2782 Christus
1058 2718 1142 2780 esset
1165 2713 1285 2781 homo,

113 2799 123 2862 t
241 2816 304 2916 per
326 2799 488 2872 aooidens.

279 2886 318 2955 lit
341 2890 417 2959 lieet
439 2895 559 2960 natura
581 2890 624 2958 sit
645 2896 787 2973 mutata,
810 2895 922 2960 brnen
945 2891 1089 2962 Verbum
1117 2911 1189 2959 non
1215 2893 1283 2977 esi,

240 2981 416 3061 mutatum,
432 2985 465 3049 et
479 2981 570 3068 quod
592 2981 729 3048 advenit
743 2981 813 3048 enti
835 2981 1007 3066 oompleto,
1026 2985 1075 3048 est
1096 2981 1261 3060 aooidens,
1281 3029 1282 3077 ,

108 3084 117 3134 t
239 3085 310 3134 uon
333 3071 423 3154 quod
445 3069 582 3138 advenit
605 3071 831 3154 personaliter,
847 3070 910 3137 nisi
938 3073 1088 3138 trabatur
1102 3071 1146 3138 ad
1170 3089 1281 3175 omn-p

237 3157 433 3228 munionem
455 3159 603 3229 eiusdem
626 3179 695 3228 esse
717 3159 882 3244 completi.
899 3159 980 3226 ltem
997 3159 1181 3228 substantia
1205 3179 1259 3228 su·

236 3245 340 3315 mitur
361 3248 461 3318 etiam
484 3268 546 3335 pro
572 3250 757 3336 supposito,
787 3252 821 3315 et
842 3248 889 3316 oio
916 3249 998 3316 unio
1020 3249 1083 3317 fuit
1104 3231 1280 3318 substan-¹

235 3333 337 3420 tibiis,
360 3341 395 3407 et
416 3339 488 3408 baeo
510 3338 591 3408 uuio
613 3359 682 3408 non
705 3339 767 3407 fuit
790 3338 910 3419 solum,
939 3338 1153 3407 instrumenti
1177 3357 1254 3406 oum

233 3444 347 3533 cauea,
381 3428 460 3498 lieet
492 3431 612 3498 ustura
646 3431 791 3498 bumana
813 3428 857 3495 sit
877 3427 1138 3497 instrumentum
1166 3428 1278 3522 divi-¹i

207 3519 406 3678 deltam
426 3609 502 3679 ooio
523 3613 642 3678 orioro
664 3610 815 3696 toosooo,
837 3613 870 3678 ot
888 3607 1000 3680 diviso
1013 3611 1059 3680 sit
1077 3608 1154 3698 osii
1165 3627 1249 3680 orso·
1275 3603 1276 3671 l

101 3702 115 3812 i
218 3683 314 3768 'lama
328 3695 366 3782 tl·
388 3695 426 3766 ln
450 3697 597 3768 bumana
619 3701 669 3768 est
690 3703 848 3782 creatum,
880 3698 958 3788 quia
980 3699 1080 3788 ooepit
1104 3701 1141 3771 iu
1165 3703 1247 3770 tem·
1273 3697 1275 3771 l
