2608 4220
261 149 327 220 tto
550 149 609 219 tux
633 164 897 219 suppuraturo
943 149 945 154 ’

580 373 757 461 QUAESllO
780 371 885 442 Lxxt.

309 562 399 626 De
424 557 733 636 suffragiis
759 560 1159 621 mortuorum.

215 736 284 804 Art.
308 736 338 802 l.
361 733 410 802 Aa
432 735 580 818 soffronio
602 735 683 819 sacto
702 751 758 817 ρει
780 750 875 799 uuam
890 734 1012 816 possim
1024 732 1096 798 olits
1104 729 1257 816 prudeus.

239 828 274 911 ri.
297 827 367 892 Non
390 827 503 891 valent
518 844 577 909 per
592 823 680 888 viam
697 821 816 899 meriti,
833 822 917 887 idest
930 827 967 888 ut
981 841 1041 906 per
1057 839 1139 906 opus
1155 821 1258 886 unius

238 917 320 980 aller
335 920 501 981 mereatur
516 914 618 980 vitam
632 917 800 991 aetcrnam,
815 912 873 977 sed
897 931 956 996 ρει
971 931 1054 996 opus
1070 911 1258 996 proprium,

237 1006 295 1071 sed
318 1024 377 1089 per
400 1005 487 1070 viam
501 1003 658 1070 orationis
672 1005 776 1087 potest
800 1000 907 1067 iuvari
923 1002 1016 1082 alter,
1040 1004 1077 1066 ut
1099 1005 1260 1084 operetur

237 1095 439 1160 adsalutem
462 1094 645 1160 secundum
668 1091 897 1159 liberalitatem
920 1091 994 1175 Dei3
1017 1089 1170 1156 similiter
1184 1094 1261 1174 pot·

238 1187 300 1248 test
322 1183 439 1264 iuvari,
463 1185 562 1250 ctiam
585 1186 747 1268 quantum
767 1182 809 1248 ad
824 1180 949 1265 aliquid
971 1198 1176 1265 consequens
1189 1183 1261 1245 sta·

237 1277 319 1351 tum,
344 1279 382 1338 ut
404 1277 452 1339 est
475 1273 649 1357 praemium
672 1271 890 1351 accidentale3
914 1270 1059 1336 dimissio
1081 1289 1207 1354 poenae‚
1226 1273 1261 1334 et

238 1364 322 1427 torte
344 1381 385 1428 ex
408 1363 593 1429 intentione
621 1362 788 1444 operantis
822 1363 929 1444 posset
951 1360 1059 1426 iuvari
1082 1377 1141 1442 ρει
1165 1357 1261 1425 viam

238 1450 357 1531 meriti,
381 1453 407 1516 si
431 1452 486 1518 illc
507 1453 550 1518 sit
572 1452 607 1518 in
631 1451 806 1534 charitate,
829 1449 907 1534 quia
930 1451 988 1535 qui
1011 1452 1089 1516 sunt
1118 1447 1155 1515 in
1180 1450 1263 1514 cha·

238 1541 355 1619 ritate,
378 1547 457 1608 sunt
479 1561 607 1624 unum,
630 1545 663 1608 et
685 1560 792 1608 unum
823 1558 904 1623 opus
927 1540 1027 1607 unius
1060 1541 1167 1623 potest
1189 1538 1261 1604 dici

237 1629 378 1696 alterius

214 1717 281 1786 Art.
305 1719 337 1787 ι.
360 1718 409 1786 Aa
431 1723 547 1789 mortui
566 1722 687 1805 possint
707 1721 811 1787 iuuari
832 1737 871 1786 ca
892 1719 1031 1804 operibus
1052 1720 1201 1786 vicorum.
1222 1718 1261 1802 ri.

237 1808 299 1886 Sic,
322 1810 400 1893 quia
422 1811 676 1877 communicatio
691 1810 875 1876 secundum
890 1810 1101 1889 charitatem,
1119 1827 1191 1874 non
1208 1809 1261 1872 ta·

235 1917 312 1965 men
336 1901 448 1964 valent
470 1902 512 1967 ad
535 1901 733 1966 mutandum
756 1903 889 1965 statum.

212 1988 282 2054 Art.
306 1988 336 2055 3.
360 1987 410 2056 Aa
431 1991 580 2074 suffronio
600 2009 655 2074 per
675 1997 844 2073 peccatores
872 1991 953 2072 scoto
972 1989 1097 2073 prostat
1115 1988 1262 2053 mortuis.

236 2079 271 2162 ιι.
296 2076 436 2144 Prosunt
470 2099 511 2145 ex
534 2098 633 2163 opere
656 2083 800 2163 operato,
823 2080 860 2144 ut
882 2099 945 2144 sun
972 2081 1200 2155 sacramenta,
1227 2081 1262 2141 et

237 2187 305 2232 non
328 2187 370 2233 cx
392 2188 491 2251 opere
513 2169 689 2252 operantis.
714 2169 794 2234 ltem
818 2171 979 2253 prosunt,
1014 2171 1051 2233 ut
1073 2165 1158 2252 gerit
1181 2185 1263 2250 per·

235 2275 350 2322 sonam
374 2258 474 2323 totius
498 2258 666 2336 Ecclesiae,
690 2258 741 2324 vel
766 2262 805 2324 ut
833 2262 881 2323 est
915 2258 1175 2323 instrumentum
1198 2256 1263 2320 ali·

236 2345 330 2412 cuins
352 2347 520 2412 existentis
543 2347 579 2413 in
602 2346 717 2433 gratia,
741 2347 798 2432 qui
822 2347 971 2432 praecipit
1001 2346 1074 2412 lieri
1099 2345 1264 2430 sutfragia

238 2454 298 2518 ρει
309 2435 441 2520 aliquan
453 2436 509 2523 qui
526 2457 592 2504 non
609 2441 657 2503 est
679 2435 843 2522 ingratia,
866 2439 924 2502 sed
937 2437 965 2501 si
984 2437 1104 2502 tierent
1123 2454 1142 2500 a
1157 2435 1263 2514 iusto,

235 2525 385 2590 valerent
407 2545 449 2590 ex
471 2545 570 2608 opere
591 2527 768 2612 operantis,
792 2529 826 2593 et
849 2529 993 2610 operato.

212 2613 280 2680 Art.
304 2613 334 2679 l.
359 2613 409 2680 Au
429 2617 579 2699 suffronio
601 2634 676 2699 quoe
702 2635 760 2699 ριι
783 2619 913 2682 mortuis
934 2619 1018 2700 fiunt
1043 2634 1062 2682 c
1083 2616 1162 2683 uiuis
1183 2633 1264 2698 pro·

234 2707 300 2769 stat
320 2703 510 2787 facientibus.
536 2708 571 2790 ri.
594 2705 637 2770 Ut
658 2705 707 2771 est
728 2705 979 2772 satisfactorium
996 2724 1082 2785 non,
1098 2703 1178 2788 quia
1193 2705 1263 2769 sol-

235 2811 317 2859 vens
340 2794 490 2860 debitum
524 2814 585 2877 ριο
608 2795 670 2860 alio
695 2813 764 2860 non
787 2795 969 2860 absolvitur
996 2814 1016 2859 a
1049 2812 1108 2859 suo
1131 2794 1263 2872 debito,

236 2883 294 2948 sed
317 2888 355 2948 ut
376 2886 425 2950 est
446 2883 654 2953 meritorium
676 2883 754 2950 vitae
770 2888 913 2964 aetcrnae,
928 2883 985 2964 sic,
1007 2883 1036 2950 si
1058 2886 1107 2949 est
1126 2883 1162 2950 in
1181 2885 1264 2951 cha·
1299 2899 1300 2904 ’

235 2971 343 3044 fimes

212 3058 280 3127 Art.
298 3061 334 3130 b.
357 3062 408 3131 Aa
428 3067 578 3152 suffrcqic
607 3066 732 3149 prosint
759 3062 957 3132 existentibus
985 3065 1021 3131 ic
1055 3063 1192 3147 insuto.
1225 3065 1263 3150 sl.

234 3151 315 3232 Non,
340 3172 402 3219 nec
425 3157 485 3238 pro
508 3159 554 3223 eis
577 3155 716 3222 Ecclesia
739 3155 885 3222 intendit
907 3173 1014 3220 orare.

213 3239 281 3310 Art.
295 3242 337 3398 Sti.
368 3241 415 3313 Ao
447 3246 598 3332 suffronio
628 3235 751 3330 prosim
780 3239 979 3313 calcantibus
1001 3246 1038 3312 ia
1060 3247 1263 3332 corrourio.

214 3333 278 3486 Alit
297 3351 401 3492 Ὶῖθιιη
423 3427 572 3510 suffronio
592 3425 828 3509 colcontpucris
839 3429 874 3494 tc
890 3421 980 3493 limbo
992 3424 1204 3494 casualibus.
1220 3429 1263 3516 ιρ.

234 3510 316 3592 Νοι,
339 3513 416 3596 quia
439 3516 593 3582 exierunt
614 3516 686 3582 sine
708 3518 785 3583 fide.

211 3597 280 3667 Art.
303 3600 336 3668 8.
359 3601 408 3669 Ac
429 3605 577 3689 suffronio
597 3609 722 3690 prosint
743 3602 866 3673 Sancto
889 3604 1088 3675 commatibus
1113 3607 1149 3674 in
1172 3606 1263 3673 coto.

236 3690 270 3771 il.
294 3688 382 3770 Non,
410 3693 488 3775 quia
518 3694 644 3761 nullam
666 3695 794 3762 habent
815 3695 1046 3782 indigentiam.
1063 3695 1155 3778 ltem,
1178 3714 1263 3764 cum
