2622 4210
248 129 314 198 228
509 147 556 196 nx
581 146 749 198 suouunr
775 142 952 196 snouunn

227 287 306 354 ritas
329 287 472 371 perfeeto
502 307 544 352 ex
568 289 661 368 parto
691 283 811 369 objecti
841 284 1065 368 inquantum
1095 283 1263 370 ditigiiriie

225 382 283 454 rst,
307 397 376 444 non
401 380 506 461 potest
529 395 598 442 esse
622 374 686 440 nisi
708 375 744 440 in
760 375 827 440 Deo
842 372 985 440 infinita.
1003 373 1084 440 item
1101 394 1144 442 ea
1161 382 1261 458 perte

225 466 393 552 diiigentis
416 470 522 550 potest
538 484 607 532 esse
622 466 777 548 pertenta,
796 483 873 529 omn
885 462 997 548 diligit
1013 468 1178 548 quantum
1198 486 1263 550 po·

227 563 297 636 test,
322 560 354 620 et
378 558 440 623 hoo
463 559 522 636 est,
542 557 594 621 vel
610 573 688 621 euni
704 559 811 621 totum
827 572 884 620 oor
898 571 1030 636 semper
1046 558 1203 622 aetuatnr
1222 555 1261 624 in

226 647 348 714 Deum:
371 652 404 712 et
426 649 488 714 hoo
508 645 615 713 solum
639 650 687 711 est
710 644 745 710 in
773 643 893 711 Patria.
915 641 970 710 Vei
995 661 1071 709 rum
1095 642 1260 712 omnibus

225 737 340 815 missis,
365 741 469 803 totum
492 753 591 802 suum
613 735 761 816 studium
785 734 878 818 ponit
900 733 944 800 ad
967 734 1160 802 vacandum
1174 734 1263 815 Deo,

194 839 199 847 ·
224 825 289 892 nisi
311 831 473 912 quantum
498 825 672 892 nenessitas
700 823 779 890 vitm
808 821 964 905 requirit3
995 827 1029 889 et
1052 826 1123 890 haer
1146 826 1264 907 perie-

224 916 289 983 otio
313 936 380 982 non
405 923 452 982 est
475 915 510 981 in
534 917 688 981 omnibus
708 912 814 996 justis.
838 912 894 980 Vol
918 930 994 978 eum
1011 912 1085 998 quis
1100 912 1262 981 habitua-

224 1007 300 1072 iiier
321 1025 420 1074 suum
443 1025 500 1072 eor
524 1003 618 1089 ponit
641 1005 676 1070 in
701 1003 778 1083 Deo,
801 1007 835 1068 et
859 1001 905 1068 nii
932 1001 1011 1068 vetit
1033 1004 1263 1084 eontrarium,

225 1100 259 1162 et
281 1099 352 1162 hato
374 1101 423 1162 est
445 1094 630 1162 eommunis
652 1092 808 1160 omnibus
826 1090 933 1177 justis.
1276 1093 1284 1103 ‘

204 1184 274 1253 Art.
298 1185 329 1252 9.
354 1187 404 1252 Aa
427 1187 641 1254 eorroeaieoter
670 1184 905 1266 diatioooootar
932 1182 1046 1266 arodus
1074 1184 1265 1269 otomatis,

226 1276 332 1349 idest,
358 1278 518 1359 irripiens,
543 1276 715 1359 proficiens,
738 1276 881 1357 pusacio.
908 1275 942 1356 ri.
966 1271 1029 1339 Sir.

203 1365 271 1432 Art.
297 1365 350 1431 10.
380 1365 586 1433 Auctoritas
611 1367 710 1448 possit
735 1364 879 1430 diminui.
917 1364 952 1447 ii.
980 1362 1052 1430 Non
1083 1383 1126 1430 ox
1162 1371 1263 1448 parte

225 1455 356 1536 objecti,
378 1456 456 1539 qnia
477 1462 610 1537 'semper
633 1454 740 1533 idem;
765 1473 835 1520 non
857 1451 1015 1535 subjecti,
1039 1451 1118 1538 quia
1141 1473 1265 1538 penea-

227 1548 296 1611 tum
322 1546 459 1612 mortale
482 1546 567 1610 ioliit
590 1563 673 1622 eam,
699 1544 828 1610 veniale
845 1560 912 1608 non
929 1540 1074 1626 attingit,
1091 1543 1263 1626 quianon

226 1632 402 1700 deordinat
424 1637 467 1701 ab
482 1635 599 1700 ultimo
614 1635 693 1712 tine,
707 1634 766 1700 sed
778 1632 942 1700 indirecte
957 1630 1132 1711 minuitur,
1149 1653 1264 1720 quare

226 1728 275 1790 eat
297 1723 465 1808 dispositio
488 1724 531 1790 ad
553 1723 818 1808 corruptionem,
842 1722 894 1788 vet
921 1741 979 1805 per
1003 1727 1175 1804 peecatum
1200 1745 1263 1792 vo-

228 1813 326 1895 niaie‚
349 1815 401 1880 vet
425 1834 484 1898 per
506 1813 720 1880 cessationem
743 1815 788 1879 ob
809 1809 965 1895 operibus
987 1811 1168 1880 eharitatis.

228 1903 239 1927 ⁶
263 1901 410 1970 Charitas
433 1909 582 1988 augetur,
606 1906 663 1970 sed
688 1924 754 1968 non
780 1901 955 1967 minuitur.

205 2000 274 2062 Art.
299 1991 352 2060 ii.
381 1995 431 2064 Aa
459 1996 594 2062 cirritos
621 1996 711 2061 semei
737 1992 840 2062 dubito
864 1995 961 2075 poerit
987 1993 1101 2061 omitti.
1133 1996 1168 2079 ri.
1201 1995 1262 2064 Via

226 2083 283 2160 aio,
307 2084 384 2166 quia
407 2087 505 2151 homo
529 2084 612 2149 tiber
636 2089 740 2167 potest
764 2101 898 2166 peceare
922 2082 1115 2150 mortaliter.
1180 2123 1185 2132 ·

205 2174 274 2239 Art.
300 2172 352 2238 12.
376 2172 582 2254 Auctoritas
605 2177 798 2240 ommittotor
819 2187 874 2256 par
895 2191 991 2240 orum
1012 2182 1113 2241 uotum
1138 2181 1264 2258 namuri

228 2263 378 2330 mortalia.
408 2265 443 2348 ri.
472 2263 541 2343 Sin,
571 2264 649 2349 quio
679 2264 756 2330 iacit
787 2261 956 2330 bominem
983 2263 1123 2350 dignum
1149 2273 1261 2334 morte

229 2355 364 2422 esterna.
429 2389 435 2396 ·
1076 2369 1080 2378 ’

578 2534 758 2619 QUAESTiO
788 2537 882 2605 XXV.

364 2719 455 2783 De
481 2719 721 2799 objecto
755 2721 1096 2784 eharitatis.

207 2893 276 2962 Art.
300 2893 331 2962 i.
355 2893 403 2962 Au
426 2895 549 2964 ditectio
571 2898 732 2965 citaritotia
754 2900 844 2964 sistet
866 2900 902 2964 iu
924 2899 1006 2978 Deo,
1028 2900 1077 2966 ret
1098 2921 1129 2968 re
1151 2910 1259 2970 esurr-

229 2985 283 3050 dot
302 2985 343 3050 ud
362 2989 547 3068 proximari.
571 2989 607 3072 ii.
631 2989 677 3056 Ad
698 2995 877 3071 utrunque,
894 2987 971 3072 quia
988 2996 1124 3072 propter
1140 2992 1258 3058 Deum.

207 3075 263 3144 Ar.
286 3075 317 3140 2.
340 3074 389 3140 Aa
413 3078 546 3144 ciomtos
574 3079 617 3143 rit
638 3098 678 3146 aa
706 3082 855 3147 ctoritate
876 3077 1040 3161 ditioendo.
1074 3082 1108 3165 ri.
1139 3081 1179 3148 Ut
1209 3088 1260 3148 ost

230 3165 397 3248 quoddam
421 3166 548 3231 bonum
570 3169 633 3232 sub
655 3172 802 3252 subjecto
825 3167 993 3233 eharitatis
1018 3167 1078 3234 sie.

207 3254 276 3323 Art.
300 3253 331 3320 3.
354 3252 402 3321 Aa
426 3263 574 3322 creatora
598 3257 796 3324 irrationales
811 3260 876 3324 sint
890 3258 1026 3324 amando
1041 3279 1080 3325 aa
1095 3263 1259 3331 eduntote.

233 3347 268 3430 ri.
290 3344 377 3422 Non,
401 3343 570 3429 quianon
594 3353 673 3414 sunt
696 3367 830 3432 narrares
860 3348 1091 3430 beatitudinis,
1128 3351 1192 3418 nisi
1221 3361 1259 3420 ut

232 3439 317 3502 trono
341 3435 495 3502 hominis.

138 3577 141 3582 .
208 3524 275 3592 rirt.
299 3525 331 3594 lo.
354 3523 402 3592 Aa
425 3529 511 3594 ioum
533 3525 636 3594 debent
649 3531 778 3612 seipsam
794 3547 833 3594 ea
848 3531 996 3595 ctoritate
1012 3549 1123 3598 umora.
1143 3535 1178 3618 ri.
1193 3535 1260 3616 Sir,

231 3615 307 3698 quia
331 3620 504 3700 ost-oupox
528 3616 602 3694 Doi,
624 3621 682 3685 sod
706 3639 774 3684 uon
798 3620 1013 3685 ost'amioitiu
1037 3621 1079 3686 ad
1102 3623 1259 3707 seipsum.

210 3706 279 3780 Art.
304 3705 337 3772 o.
359 3703 408 3772 Au
431 3708 516 3782 tomo
539 3707 644 3776 debent
663 3727 750 3776 rrum
773 3728 883 3792 corpus
912 3729 952 3776 es
980 3711 1114 3778 adoritur
1143 3733 1259 3785 umore.

234 3795 269 3878 ia.
293 3792 355 3875 Sir,
380 3795 457 3877 quia
480 3801 528 3864 est
551 3817 570 3864 a
593 3797 669 3879 Deo,
693 3802 725 3866 et
748 3819 786 3865 eo
810 3797 936 3866 utimur
959 3819 1020 3883 pro
1044 3800 1120 3868 Deo.
