2604 4210
434 109 511 162 nrrr
532 107 680 162 oneum.
968 91 1036 162 888

42 245 59 277 *
81 247 216 314 Natura
239 246 354 313 divino
376 246 499 314 dieitur
521 245 564 312 alt
585 265 622 312 se
644 263 777 312 sumere
794 247 1078 333 honoramenta

43 355 117 403 nun
145 337 261 402 differt
282 336 450 420 supposito
473 356 492 402 a
515 355 655 419 persona
678 335 788 415 Verbi,
803 337 861 402 sed
883 335 979 402 Pater
1002 337 1078 404 lieet

43 428 211 503 assumat,
236 431 346 492 tamen
370 445 439 492 non
463 426 571 503 adse,
595 423 673 508 quia
689 425 800 492 diflert
815 445 834 490 a
850 425 966 493 Verbo.
988 426 1077 506 llam,

41 517 143 600 quud
167 515 328 581 eonvenit
352 519 481 581 naturas
504 514 630 580 divinae
651 514 836 580 seeundum
850 533 897 594 se,
919 517 1079 583 eonvenit

42 604 211 672 omnihus
235 605 399 688 personis,
428 604 486 670 sed
508 621 675 670 assumere
709 603 867 670 convenit
896 605 926 669 ei
950 607 1078 672 ratione

43 694 165 773 Verbi,
191 694 265 760 ideo
288 714 356 761 non
380 694 479 761 datur
502 694 618 760 trihus.
654 693 734 759 item
758 693 793 759 in
816 691 883 760 Deo
912 699 961 760 est
989 695 1078 762 idem

43 784 144 869 quod
168 787 234 863 est,
258 786 292 850 st
314 802 380 867 quo
403 786 465 862 est;
502 786 535 848 et
558 802 624 866 quo
653 782 737 868 agit,
766 787 800 847 et
822 784 912 867 quud
935 784 1018 870 agit,
1043 791 1078 851 et

42 874 92 938 sie
118 877 244 940 natura
266 871 382 939 divina
404 876 453 940 est
475 871 526 951 id,
550 890 616 956 quo
639 871 725 938 Deus
746 872 832 958 agit,
861 877 894 939 et
917 878 967 939 est
991 873 1078 942 Deus

45 981 166 1046 agens.

26 1051 97 1119 Art.
126 1051 160 1120 3.
185 1049 234 1118 Ao
257 1050 410 1119 obstrooto
431 1053 646 1136 personalitate
666 1071 721 1135 per
747 1052 934 1120 intellectum
964 1060 1078 1122 netem

46 1143 153 1226 possit
174 1161 334 1210 utmorem.
359 1143 395 1226 rt.
418 1142 602 1208 Intellectus
625 1161 824 1227 regnoscens
839 1141 955 1223 Deum,
980 1145 1075 1211 utin

47 1253 84 1298 se
109 1235 174 1310 est,
199 1251 268 1298 non
292 1235 397 1315 potest
419 1233 609 1299 abstrahere
631 1252 737 1298 unum
761 1232 875 1299 relieto
897 1232 970 1310 alio,
999 1234 1077 1319 quia

49 1320 216 1407 quioquid
240 1325 289 1386 est
312 1321 347 1387 in
371 1320 449 1398 Deo,
465 1324 514 1386 est
536 1339 642 1386 unum
666 1323 755 1387 salva
778 1321 988 1390 distinetione
1004 1343 1075 1406 per·

47 1429 232 1489 sonarum
255 1412 313 1476 sed
335 1411 519 1478 seeundum
542 1411 679 1477 modum
696 1416 857 1492 nostrum,
874 1412 957 1478 idest
980 1412 1077 1478 intel·

49 1502 190 1586 ligendo
212 1499 361 1578 divisim,
385 1504 419 1565 et
441 1518 500 1582 per
523 1504 632 1583 partes
654 1519 779 1580 unum,
802 1505 835 1566 et
858 1501 946 1568 idem
970 1506 1077 1586 potest

49 1593 258 1656 abstrahere.

52 1684 61 1703 ·
87 1680 129 1745 Et
151 1679 199 1745 sie
223 1678 393 1744 abstractis
416 1679 563 1762 personis
587 1685 737 1747 remanet
760 1684 888 1760 natura,
912 1686 950 1746 ut
972 1682 1076 1747 subsi-

49 1775 157 1849 stens,
183 1773 218 1834 et
240 1773 277 1834 ut
300 1787 539 1852 personarum
562 1769 604 1834 sit
626 1769 663 1835 in
691 1774 810 1837 natura
844 1769 1074 1848 intellectuali,

52 1864 89 1923 ut
114 1858 309 1942 intelligunt
331 1856 468 1936 Hebraei,
492 1859 593 1925 etsie
617 1864 737 1926 natura
762 1857 1001 1943 intelligeretur
1024 1879 1074 1926 as·
1142 1875 1145 1880 ·

50 1967 185 2014 sumere
209 1948 336 2014 ratione
358 1965 425 2013 suaa
447 1946 676 2028 subsistentiae,
699 1953 733 2014 et
756 1948 1007 2032 personalitatis.

31 2035 95 2104 Art.
122 2039 155 2106 l.
179 2036 229 2104 Ao
251 2056 315 2103 uoe
334 2055 465 2120 persone
485 2040 582 2120 possit
601 2040 668 2105 sine
691 2040 755 2106 elio
777 2045 920 2106 outurom
943 2045 1075 2106 oreotom

52 2146 214 2194 msuooere.
240 2128 274 2211 rt.
298 2127 340 2194 Ut
362 2126 443 2193 dieit
466 2127 646 2193 terminum
669 2128 730 2208 sie;
755 2133 792 2194 ut
807 2128 888 2195 dieit
910 2129 1074 2196 notionem

54 2237 139 2297 non,
176 2217 253 2301 qnia
287 2235 402 2281 omnes
425 2221 491 2282 tres
521 2236 669 2299 personae
692 2219 859 2298 fecerunt,
890 2222 926 2286 ut
955 2223 1074 2286 natura

54 2307 210 2372 uniretur
234 2324 381 2389 personae
408 2304 490 2370 Filii.

54 2395 67 2423 *
88 2396 214 2464 Natura
234 2395 359 2464 monuo
384 2395 577 2473 incarnata,
597 2400 634 2462 et
656 2417 824 2464 assumens
847 2397 976 2466 ratione
999 2417 1074 2480 per·

54 2503 155 2564 sonae,
179 2489 214 2549 et
235 2483 358 2551 dieitur
380 2487 448 2550 tota
464 2485 646 2563 insarnata,
662 2489 740 2572 quia
755 2487 837 2554 nibil
862 2487 1072 2570 pomoranis

53 2575 93 2638 de
117 2578 240 2640 natura
262 2573 378 2640 divina
400 2574 490 2639 deest
514 2593 662 2658 personae
685 2577 876 2644 incarnatae.

37 2660 98 2730 hrt.
122 2663 157 2730 5.
180 2661 229 2729 Ao
252 2662 392 2746 quelibet
417 2682 547 2746 persone
571 2669 708 2748 potuerit
736 2669 898 2734 homonum
931 2674 1075 2735 notorem

56 2771 217 2820 assumere.
243 2755 278 2835 rt.
301 2752 369 2828 Sia,
394 2754 471 2835 quia
493 2755 609 2820 eadem
632 2757 792 2838 potentia,
816 2761 849 2822 et
872 2756 1074 2841 principium

56 2861 235 2919 assumens,
259 2842 399 2907 stratio
424 2843 570 2923 termini,
603 2843 687 2911 idest
715 2865 876 2932 personae,
910 2851 959 2912 est
984 2867 1073 2913 eom·

56 2932 167 2998 munis
190 2931 311 3008 tribus,
342 2930 418 2996 lieet
439 2931 506 2998 sint
529 2934 744 3018 proprietates
773 2937 959 3018 personales
981 2937 1074 3003 dilie-

55 3025 177 3086 rentes.

56 3109 215 3176 'Filiatio
240 3109 427 3192 temporalis
448 3109 569 3178 Christi
592 3132 660 3179 non
684 3113 855 3181 eonstituit
888 3134 1072 3198 personam,

55 3201 109 3265 sed
134 3202 184 3263 est
199 3217 404 3282 consequens
423 3200 630 3268 nativitatem
649 3205 875 3286 temporalem,
891 3205 981 3287 quod
1001 3225 1075 3289 pos·

56 3295 100 3353 set
124 3287 307 3354 convenire
329 3288 432 3365 Patri,
463 3294 497 3354 et
519 3289 654 3373 Spiritui
681 3298 804 3372 saneto.
831 3294 928 3372 item,
964 3294 1073 3359 incar·

57 3377 267 3455 nubilatus,
305 3395 364 3454 nos
387 3396 529 3446 essemus
558 3381 616 3446 lilii
638 3383 785 3464 adoptivi
816 3381 920 3448 Patris
943 3401 1002 3466 per
1025 3388 1072 3449 at·

58 3467 282 3534 tributionem.
298 3464 381 3534 item
397 3467 493 3532 Pater
510 3469 699 3537 inoarnatus
722 3477 805 3538 esset
820 3470 1021 3538 innascibilis
1037 3473 1071 3538 in

58 3556 242 3629 divinitate.
265 3575 328 3622 nee
350 3558 516 3624 diceretur
538 3559 665 3626 missus.

43 3641 98 3716 trt.
122 3645 155 3714 6.
180 3644 229 3714 Ao
250 3646 353 3734 plores
373 3664 509 3735 persono
529 3648 641 3718 ooooe
661 3657 784 3740 peueot
814 3668 908 3722 soom
930 3660 1072 3723 notorum
