2604 4210
296 93 361 162 33l
555 109 601 158 nx
625 107 792 160 suenum
816 107 992 160 sncuunn

275 268 344 313 non
368 252 405 311 ut
427 244 533 311 virtus
555 245 747 328 subjectiva,
772 245 822 308 vel
848 245 878 308 ci
901 245 1076 325 adjuncta,
1102 247 1168 311 sed
1199 251 1245 311 ut
1272 247 1281 309 i

277 337 427 421 tegralis,
458 335 542 400 sicut
576 336 728 420 quaedam
759 337 829 417 ejus
860 335 1020 414 conditio,
1049 339 1086 401 ut
1110 341 1291 422 tempera¹

276 425 556 511 concupiscentias
580 430 628 489 est
651 427 837 490 honestum.
1290 431 1291 438 ι

610 601 788 688 oonsno
815 603 937 672 extu.

519 788 611 851 De
640 787 1023 886 abstinentia.

251 965 318 1032 Art.
343 963 373 1030 l.
397 962 446 1029 Ao
469 962 654 1030 obstinantia
677 967 721 1028 sit
740 967 849 1030 uirtus.
876 966 909 1047 ιι.
934 963 975 1028 Ut
990 965 1137 1030 absolute
1154 970 1216 1030 est
1234 967 1291 1036 sul

277 1055 391 1120 tractio
416 1053 581 1130 ciborum,
606 1060 654 1118 cst
677 1055 886 1131 indifferens,
909 1055 967 1118 sed
991 1059 1028 1119 ut
1051 1059 1141 1119 esta
1171 1055 1291 1120 ration

273 1145 428 1227 regulata,
454 1145 502 1207 est
525 1143 575 1206 vel
601 1143 731 1208 habitus
758 1145 898 1220 virtutis,
923 1145 974 1207 vel
999 1150 1101 1208 actus.
1290 1211 1291 1216 ,

273 1231 485 1298 *Moderatio
509 1232 658 1297 ciborum
683 1233 718 1296 in
744 1233 944 1316 quantitate,
976 1237 1009 1296 et
1035 1233 1205 1317 qualitate
1235 1249 1291 1315 pet

275 1323 359 1386 tinet
392 1323 434 1386 ad
469 1321 676 1398 medicinam,
713 1326 769 1386 sed
803 1324 985 1388 seeundum
1017 1322 1200 1388 interiores
1229 1323 1291 1386 asse

235 1425 239 1438 '
274 1411 398 1477 cliones
422 1411 456 1475 in
481 1413 725 1492 comparatione
749 1413 791 1476 ad
819 1414 943 1477 bonum
973 1411 1118 1490 rationis,
1149 1412 1291 1494 pertine

273 1502 315 1565 ad
351 1499 593 1576 abstinentiam,
629 1522 702 1584 quae
739 1501 885 1566 consistit
912 1503 946 1566 in
971 1501 1079 1566 medio
1103 1501 1291 1566 secundun

275 1595 397 1655 rectam
429 1589 590 1654 rationem
622 1597 653 1654 et
676 1611 749 1674 quae
773 1611 813 1654 ex
838 1592 917 1668 fide,
947 1597 980 1654 et
1002 1590 1167 1656 charitate
1194 1593 1239 1654 lit
1264 1609 1291 1656 at

274 1679 411 1762 glorium
435 1678 504 1755 Dei,
530 1680 673 1760 pertinet
696 1682 737 1744 ad
762 1699 902 1762 regnum
926 1681 996 1744 Dei.

249 1766 317 1836 Art.
341 1769 372 1835 2.
396 1768 445 1836 rlu
468 1767 652 1835 abstinentia
673 1771 718 1833 sit
737 1771 875 1850 specialis
906 1773 1014 1836 uirtus.
1048 1772 1082 1853 ιι.
1113 1769 1186 1847 Sic,
1225 1767 1291 1852 quia

271 1862 319 1922 est
343 1865 457 1923 contra
480 1859 711 1923 delectationes
735 1861 902 1936 ciborum,
926 1880 1000 1942 quae
1023 1859 1219 1942 specialiter
1245 1859 1289 1922 ab

271 1951 424 2013 strahnnt
458 1950 626 2012 hominem
662 1970 680 2012 a
710 1951 795 2013 bono
833 1950 968 2012 rationis
1004 1955 1142 2031 propter
1178 1963 1291 2012 earum

272 2037 546 2120 magnitudinem,
564 2045 595 2101 et
612 2038 759 2102 ciborum
779 2040 1015 2115 necessitatem,
1037 2045 1069 2102 et
1086 2039 1177 2103 evalet
1196 2037 1291 2101 etian

270 2133 386 2191 contra
409 2126 574 2190 luxuriam
599 2129 781 2191 coercendo
804 2146 948 2202 carnem,
966 2135 998 2192 et
1015 2128 1091 2192 licet
1106 2129 1151 2191 sit
1169 2127 1291 2209 spacia<

269 2215 318 2294 liu,
342 2220 452 2282 tamen
476 2217 612 2298 adjuvat
635 2217 731 2280 aliam
755 2216 924 2294 virtutem,
949 2217 983 2282 id
1007 2222 1054 2282 est
1078 2218 1283 2283 castitatem.

595 2392 773 2474 QUAESTlO
801 2393 936 2462 CXtVll.

558 2577 611 2640 D
622 2591 656 2638 e
687 2577 707 2656 j
722 2577 781 2657 ej
795 2577 975 2642 unio.

244 2751 312 2820 Art.
338 2752 368 2819 l.
391 2750 440 2819 Αιι
457 2755 611 2836 ictuatum
633 2756 675 2819 sit
696 2761 781 2820 octus
804 2756 941 2820 virtutis.
974 2755 1008 2837 ιι.
1037 2751 1105 2831 Sic,
1130 2755 1213 2838 quia
1239 2771 1291 2837 per

266 2842 428 2907 rationem
453 2844 627 2908 ordinatur
650 2845 691 2909 ad
714 2845 848 2926 aliquod
872 2846 1057 2920 honestum,
1086 2846 1119 2908 et
1141 2844 1291 2910 sumitur

267 2933 308 2997 ad
340 2931 412 2996 tria.
444 2931 572 3009 Primo,
600 2935 641 2998 ad
666 2934 893 3017 reprimendas
917 2932 1025 2998 earnis
1050 2936 1291 3016 concupiscen-

267 3022 336 3086 tias.
360 3021 527 3099 Seoundo,
553 3028 589 3086 ut
614 3043 706 3088 mens
730 3022 864 3087 liberius
889 3025 1035 3086 elevetur
1067 3024 1109 3086 ad
1133 3022 1287 3089 sublimia

267 3112 530 3193 contemplanda.
554 3113 672 3188 Tertio,
699 3115 738 3176 ad
764 3110 1027 3177 satisfaciendum
1055 3111 1286 3193 propeccatis,

267 3206 300 3268 et
323 3202 421 3266 debet
444 3202 515 3265 lieri
542 3202 789 3278 rationabiliter,
816 3206 851 3266 ut
873 3206 1078 3266 sustentetur
1103 3206 1238 3279 natura,
1259 3204 1287 3264 et

268 3311 335 3358 non
368 3291 425 3355 fiat
456 3290 618 3372 impotens
649 3291 690 3353 ad
722 3311 831 3373 opera.
856 3290 945 3369 ltem,
965 3290 1132 3374 ieiunium
1157 3297 1283 3356 natura

267 3379 415 3448 consistit
438 3381 472 3444 in
498 3397 579 3460 pura
604 3379 795 3460 negatione3
819 3382 852 3446 id
876 3387 933 3457 est,
959 3382 1048 3464 quod
1075 3380 1119 3444 nil
1148 3383 1283 3464 ceperit,

268 3476 302 3536 et
332 3489 398 3533 nou
431 3474 479 3533 est
510 3474 600 3531 actus
630 3470 770 3548 virtutis,
794 3472 849 3534 sed
874 3472 979 3534 solum
1004 3470 1097 3548 illud,
1120 3489 1189 3551 quo
1214 3469 1280 3554 quis

268 3580 308 3625 ex
331 3557 519 3623 rationabili
545 3558 709 3639 proposito
741 3578 758 3623 a
790 3560 870 3623 cibis
904 3559 1089 3643 aliqualiter
1124 3560 1279 3634 abstinet,

268 3654 300 3724 et
323 3667 390 3714 non
416 3647 541 3716 recedit
564 3667 581 3716 a
606 3648 713 3716 medio
739 3647 882 3718 virtutis..
