2604 4210
454 96 527 144 mvr
551 93 698 144 ronuta.
983 75 1049 141 ato

70 231 146 296 talis
172 228 350 310 virtutem,
373 249 448 316 quae
476 233 525 295 est
554 227 641 296 cirea
669 229 755 296 laeta
782 232 815 294 et
849 227 952 309 dieia;
983 229 1095 294 etesi

70 320 242 404 quoddam
265 319 427 386 indicium
450 318 649 387 conditionis
672 320 837 386 humana.

51 407 114 477 Art.
137 409 174 477 2.
198 408 247 477 Ao
271 415 398 478 orootrn
419 410 557 476 molieris
571 410 614 476 sit
633 410 701 474 sire
720 414 851 493 prototo
868 409 904 493 ri.
919 405 953 474 Si
975 405 1091 474 eoniu-

68 503 143 584 gata
167 500 210 566 ad
233 501 296 582 hoe
311 518 345 564 se
368 502 529 579 ornatui
552 499 678 584 placeat
692 497 776 579 viro,
794 498 833 563 iit
854 497 927 564 sine
948 500 1091 581 peceato.

69 588 150 656 ltem
174 588 305 668 mulier,
321 608 395 674 quae
418 608 486 655 non
511 590 611 656 habet
633 587 755 669 virum,
778 606 841 653 nee
864 587 938 655 vult
952 587 1092 668 habere,

70 679 122 745 vel
146 699 218 746 non
253 683 302 745 εει
329 677 365 743 in
398 681 485 744 statu
509 677 664 756 habendi,
689 696 758 744 non
781 679 889 762 potest
921 674 993 744 sine
1016 695 1092 762 pee-

70 774 141 834 eaio
166 771 323 854 appetere
346 767 476 853 plaeere
499 768 683 852 aspectibus
706 767 867 848 virorum,
891 770 925 832 ει
947 767 990 833 ad
1012 785 1092 834 oon·

70 859 324 942 oupisoendum;
349 857 426 944 quia
455 861 518 924 lroe
541 865 589 923 est
611 857 692 923 dare
714 855 923 924 incentivum
954 856 1090 940 peceati,

70 952 100 1014 et
121 949 152 1014 si
174 951 238 1016 hae
261 947 447 1016 intentione
461 967 496 1013 se
512 951 632 1014 ornent
648 950 686 1013 ut
702 941 885 1031 'provocent
907 946 950 1014 ad
973 965 1092 1015 eoncu-

70 1039 278 1121 pisoendum,
300 1042 439 1123 peceant
462 1037 663 1105 mortaliter:
686 1038 713 1104 si
737 1057 779 1104 ex
801 1036 936 1103 levitate
958 1035 1011 1102 vel
1034 1055 1089 1117 va,

71 1128 174 1193 nitate
198 1131 334 1212 propter
363 1127 569 1207 iactantiam,
593 1147 661 1194 non
696 1146 828 1211 semper
850 1131 900 1193 est
933 1125 1089 1194 mortale·

70 1219 125 1284 sed
148 1217 328 1303 aliquando
357 1217 502 1284 veniale:
527 1216 615 1284 idem
644 1218 687 1283 de
700 1217 811 1283 -virist
843 1217 924 1283 item
954 1220 1092 1299 possunt
1177 1231 1179 1236 ·
1228 1255 1244 1284 .

70 1306 218 1374 excusari
241 1307 278 1372 in
301 1306 411 1392 aliquo
440 1309 637 1374 ornamento
667 1309 711 1374 ob
734 1305 1028 1386 eonsuetudinem,
1050 1305 1090 1372 li-

70 1401 120 1462 eet
135 1417 205 1464 non
221 1395 421 1464 laudabilem
436 1395 527 1482 (vide
541 1397 631 1482 quod
647 1396 732 1464 dixit
744 1391 779 1463 in
795 1395 934 1463 articulo
954 1395 1088 1481 primo).

70 1484 239 1554 *Furatio
262 1487 439 1552 mulierum
462 1490 512 1554 est
532 1485 657 1572 speeies
680 1485 833 1567 liotionis,
857 1506 932 1573 quae
955 1505 1025 1552 non
1040 1488 1089 1552 est

70 1575 138 1643 sine
161 1579 306 1663 peceato,
331 1596 399 1644 non
424 1579 535 1644 tamen
557 1595 687 1662 semper
709 1581 757 1643 est
772 1577 921 1656 mortale,
945 1572 1010 1642 nisi
1031 1575 1090 1642 liat

71 1671 205 1750 propter
228 1666 405 1747 lasciviam,
421 1667 474 1733 vel
498 1667 535 1732 in
558 1667 617 1734 Dei
640 1670 879 1751 contemptum.
893 1667 974 1731 ltem
996 1663 1089 1732 aliud

71 1760 116 1821 est
138 1757 266 1842 lingere
300 1755 599 1841 pulchritudinem,
623 1776 723 1842 quam
753 1775 821 1823 non
856 1756 973 1838 habet,
997 1755 1090 1839 quod

72 1864 137 1912 non
160 1847 254 1928 lieet3
278 1844 369 1912 aliud
391 1848 440 1911 est
462 1846 628 1913 oooultare
651 1845 895 1931 turpitudinem
910 1863 953 1910 ex
976 1843 1088 1929 aliqua

27 1957 28 1978 ι
71 1953 164 2002 eausa
188 1935 457 2021 provenientem,
481 1937 571 2022 quod
605 1935 706 2009 aas·
730 1934 829 2002 Paulo
864 1938 914 2001 est
946 1931 1087 2002 linitum.

71 2022 158 2106 ltem,
182 2027 271 2111 quod
294 2024 414 2094 mulier
448 2028 562 2091 utatur
584 2028 676 2092 veste
697 2024 796 2105 virili,
820 2027 854 2091 et
887 2025 1014 2105 eontra,
1037 2027 1088 2090 est

71 2115 238 2196 vitiosum;
262 2115 338 2202 quia
362 2114 469 2182 eultus
491 2116 591 2182 debet
613 2120 801 2200 competere
812 2111 996 2182 conditioni
1011 2133 1087 2199 per·

69 2223 167 2284 sonae3
201 2207 260 2271 sed
283 2207 420 2290 propter
453 2203 598 2290 aliquam
621 2205 848 2273 nenessitatem
882 2207 990 2289 potest
1012 2204 1087 2271 lieri

69 2293 135 2360 sine
158 2299 302 2378 peceato.
318 2293 399 2360 ltem
422 2293 564 2360 artifices
581 2299 719 2380 peceant
740 2296 876 2380 quando
899 2311 959 2379 per
979 2297 1087 2360 artem

71 2383 410 2469 dissipatoribus
434 2381 584 2450 homines
612 2385 662 2451 uli
692 2404 760 2456 non
789 2387 927 2469 possunt
963 2384 1087 2469 absque

72 2477 212 2556 peooato;
228 2474 285 2540 sed
308 2475 336 2540 si
358 2476 496 2557 possunt
511 2474 597 2539 male
619 2476 654 2539 et
669 2475 754 2545 bene
777 2472 837 2554 uti,
854 2492 923 2542 non
946 2476 996 2540 est
1010 2492 1086 2558 pee-

72 2566 184 2645 oatom,
207 2568 246 2630 ut
268 2567 317 2632 est
339 2581 393 2630 ars
415 2567 691 2630 ornamentorum
715 2563 905 2632 mulierum.

403 2739 583 2830 QUAESTlO
607 2739 719 2810 clxx.

89 2925 177 2990 De
201 2925 555 3008 praeceptis
572 2925 1040 3010 temperantiae,

62 3095 113 3168 ln.
136 3101 166 3168 l.
189 3099 238 3170 Ao
257 3097 403 3190 prerepto
434 3105 639 3186 temperantia
673 3108 887 3176 convenienter
922 3107 1085 3177 trodootur

75 3193 102 3260 io
122 3195 284 3276 scripturo.
309 3196 346 3278 rt.
368 3194 431 3276 Sic,
446 3194 528 3260 dum
544 3195 740 3277 prohibetur
763 3197 978 3279 adulterium,
994 3199 1084 3285 quod

76 3281 205 3348 naxime
221 3283 388 3351 dilectioni
412 3281 555 3369 proximi
572 3286 807 3370 contrariatur,
822 3307 882 3372 per
896 3287 987 3373 quod
1001 3289 1083 3358 abu·

77 3371 148 3438 titur
162 3375 260 3440 homo
282 3393 386 3440 uxore
408 3372 561 3459 proximi,
585 3379 619 3440 et
643 3378 705 3444 hoe
727 3376 798 3442 sive
821 3377 918 3458 laeto,
932 3377 1005 3444 sive
1026 3379 1084 3445 de·

76 3461 192 3528 siderio.

64 3543 110 3618 ιιι.
132 3549 162 3619 2.
185 3553 237 3618 Aa
259 3556 472 3624 conuenienter
500 3559 714 3642 inscriptura
747 3555 908 3632 tradantur
933 3564 1084 3651 praeopto

78 3639 286 3714 invirtutibus
317 3648 449 3716 ornaris
473 3650 689 3739 temperentia.
715 3649 751 3736 ri.
774 3647 837 3734 Sic,
867 3649 946 3737 quia
967 3669 1010 3722 ex
1031 3647 1083 3721 ira
