2652 4198
595 347 696 414 mvi
725 351 910 416 THOHAE

328 591 472 676 eninr·
492 586 697 698 SECUNDAE
725 583 945 677 entvrrnn'
965 585 1184 682 rotinere

651 867 862 880 m

581 1142 585 1148 ’
639 1132 819 1270 pnnsrrn
843 1183 866 1250 1.

357 1371 449 1436 De
475 1358 690 1434 ultimo
705 1343 837 1436 'fine
856 1322 1156 1435 heminis(

231 1544 297 1612 Art.
324 1545 353 1613 i.
377 1544 567 1616 Antonini
588 1549 750 1614 conveniat
766 1546 860 1630 'apere
881 1551 1006 1630 propter
1027 1547 1128 1630 finem.
1155 1547 1193 1632 ri.
1210 1546 1281 1626 Sic,

251 1637 329 1722 quia
352 1636 496 1704 actiones
519 1640 674 1703 humenae
697 1655 756 1719 per
779 1655 859 1720 ques
882 1635 994 1702 differt
1017 1637 1058 1701 ab
1081 1635 1153 1701 aliis
1167 1655 1281 1721 egen-

252 1725 354 1805 tibus,
377 1731 458 1792 sunt
481 1748 500 1792 a
525 1727 685 1812 potentie,
712 1728 806 1809 eujus
829 1727 994 1809 obiectum
1019 1727 1155 1803 bonum,
1181 1729 1218 1791 et
1242 1729 1284 1791 fi-

252 1814 319 1896 nis,
350 1835 492 1901 quarum
520 1819 619 1885 homo
647 1819 696 1882 est
725 1815 891 1882 dominus.
923 1814 1003 1882 item
1026 1815 1171 1882 actiones
1197 1835 1279 1902 quae

252 1925 319 1972 non
344 1911 422 1973 sunt
445 1926 462 1973 a
486 1907 667 1974 deliberata
689 1906 827 1982 ratione,
850 1907 930 1970 sunt
952 1904 1106 1979 hominis,
1127 1906 1281 1972 sednon

251 1996 416 2076 humanae,
440 2016 581 2081 quarum
605 2015 673 2062 non
697 1999 745 2060 est
768 1993 934 2061 dominns.
958 1994 1039 2060 item
1062 1994 1138 2062 finis
1160 1994 1196 2061 in
1222 1996 1281 2061 in·

251 2086 399 2151 tentione
421 2090 470 2151 est
484 2105 590 2152 eausa.
614 2086 695 2150 item
710 2087 801 2150 aetus
824 2084 1004 2151 voluntatis
1031 2100 1101 2150 uon
1124 2087 1185 2174 est·
1198 2086 1300 2150 uiti.

251 2191 324 2239 mus
347 2173 433 2254 finis,
455 2175 540 2240 sieut
562 2174 676 2240 videre
700 2193 768 2239 non
792 2177 840 2240 est
863 2175 1029 2257 objectum
1053 2175 1150 2241 oculi.

228 2262 295 2328 Art.
319 2263 350 2330 2.
373 2262 422 2330 An
445 2282 533 2347 apere
559 2271 685 2347 propter
710 2265 802 2346 finem
835 2265 880 2330 eit
908 2268 1069 2348 proprium
1102 2265 1280 2331 rationalis

250 2360 378 2421 nature.
415 2355 448 2437 rt.
484 2353 569 2433 Non,
597 2353 674 2438 quia
698 2359 817 2419 natura
840 2353 907 2436 agit
931 2360 1067 2439 propter
1090 2354 1212 2433 tinem,
1239 2360 1278 2420 et

249 2446 395 2512 cessante
418 2443 523 2526 prima
547 2461 660 2522 eausa,
684 2443 719 2508 id
741 2446 801 2522 est,
824 2443 891 2508 fine
914 2445 1026 2510 omnia
1051 2443 1277 2510 subordinate

247 2536 421 2599 cessarent.
455 2532 535 2598 item
572 2535 669 2599 homo
699 2533 942 2599 determinetur
971 2535 1014 2600 ab
1041 2532 1190 2616 appetitu
1217 2553 1277 2600 ra·

243 2621 367 2708 tioneli,
390 2623 452 2688 alia
475 2643 494 2687 a
518 2622 671 2702 naturali,
696 2643 769 2708 quae
793 2642 862 2689 non
886 2625 1145 2708 apprehendunt
1162 2624 1274 2689 finem

247 2712 309 2777 sub
330 2712 458 2779 ratione
482 2711 572 2791 finis;
596 2711 671 2778 ideo
694 2715 736 2778 ab
758 2712 822 2779 aiio
846 2716 1043 2793 moventnr;
1067 2715 1166 2780 horno
1188 2731 1275 2779 vero

248 2818 327 2866 vero
348 2823 367 2868 a
390 2823 433 2881 se,
459 2804 557 2869 bruta
579 2822 598 2866 a
620 2803 688 2868 line
711 2805 927 2886 apprehenso.

224 2886 292 2957 Art.
317 2887 348 2960 3.
369 2891 419 2960 An
441 2899 526 2960 neten
554 2895 687 2960 nominis
715 2896 929 2980 specificentur
957 2912 978 2959 n
1004 2895 1076 2977 fine.
1110 2893 1145 2978 rt.
1173 2892 1274 2960 Actus

246 2981 384 3048 humani
409 2983 642 3066 specificantur
672 3003 690 3050 a
718 2984 800 3064 fine,
831 2985 908 3069 quia
932 2985 1037 3067 passio
1061 3005 1079 3050 a
1104 2984 1273 3064 termino,

107 3131 110 3135 ,
246 3071 370 3139 aetina
394 3073 569 3157 principio,
591 3074 648 3139 sed
672 3074 748 3138 finis
772 3075 820 3140 est
843 3074 1046 3158 principium
1075 3073 1272 3152 voluntatis,

247 3159 281 3225 id
304 3166 369 3242 est,
399 3165 565 3247 objectum
594 3182 703 3249 aquo
733 3168 823 3229 aetus
848 3161 1003 3248 procedit,
1026 3166 1060 3229 et
1083 3167 1131 3230 est
1156 3163 1274 3230 termi-

246 3269 318 3332 nus,
344 3252 379 3317 in
403 3272 502 3337 quern
526 3252 635 3318 tendit
659 3252 822 3319 voluntas.

246 3339 260 3370 *
283 3341 387 3420 Finis,
416 3345 452 3408 ut
480 3344 529 3408 est
558 3341 649 3425 prius
679 3340 714 3407 in
740 3342 942 3424 intentione,
973 3343 1119 3427 pertinet
1142 3343 1186 3409 ad
1211 3362 1272 3410 vn-

245 3431 424 3511 iuntatem,
459 3435 492 3496 et
519 3430 694 3515 specificat.
725 3431 806 3497 item
841 3452 928 3500 unns
962 3437 1057 3499 aetus
1088 3433 1122 3500 in
1148 3453 1274 3518 genere

245 3522 331 3588 entis
355 3525 552 3605 potestesse
581 3520 770 3604 multiplex,
802 3522 837 3588 in
867 3540 989 3608 genere
1020 3523 1141 3601 moris,
1170 3520 1198 3588 si
1230 3526 1273 3591 ad

245 3611 391 3679 diversos
414 3613 496 3678 fines
519 3613 655 3677 feratur.
680 3610 760 3677 item
783 3611 860 3678 finis
884 3612 1015 3679 moralis
1039 3611 1158 3680 eccidit
1174 3617 1273 3680 netu-

245 3701 410 3780 ra1i;hine
433 3720 520 3769 unus
538 3703 629 3769 actus
645 3704 834 3786 potestesse
851 3703 886 3772 in
911 3702 1062 3787 pluribus
1085 3701 1270 3788 speciebus.
