2652 4198
363 249 370 254 .
431 165 509 220 nnn
534 165 681 222 ruoun.
992 128 1037 224 39

36 327 150 396 Arii.
174 326 729 414 ansarumastronomorum.
756 327 875 414 Q.Sio‚
901 328 1017 408 idest,
1042 329 1077 396 in

57 417 168 485 mediis
199 420 308 486 nausis
332 441 351 486 a
374 417 442 486 Deo
473 418 636 485 ordinatis
659 417 701 485 ad
724 417 848 506 aliquos
872 419 1021 497 effeetus,
1047 423 1078 545 et

56 507 444 578 strumentum·
565 536 567 540 ¹

37 599 97 665 lrl.
121 599 151 666 3.
176 595 231 666 Aa·
254 601 353 684 sotum
376 601 420 666 sit
440 602 530 665 immo
531 597 599 666 tite.
626 601 660 682 Q.
685 599 724 666 Ut
747 604 796 665 est
818 620 836 666 a
860 597 979 666 Divina
1002 555 1078 684 pro·

57 690 219 767 videntia,
244 696 295 756 est
317 689 501 768 immobile,
527 709 595 755 nou
620 689 811 756 necessitate
834 684 997 766 absoluta,
1020 690 1078 755 sed

55 778 302 860 conditionalis3
327 785 365 846 ut
387 780 468 845 est'
459 799 494 844 m
518 779 622 846 causis
645 780 810 859 secundis,
834 783 882 844 est
906 779 1035 844 mobile.

38 869 98 934 lrt.
121 868 152 936 4.
177 868 229 936 Aa
253 872 358 937 omnio
380 873 443 955 soto
465 867 642 936 subdentur.
680 872 716 974 Q.
749 869 837 948 Non,
865 870 923 934 sed
947 872 1077 933 tautum

56 978 199 1044 eaquae
223 961 418 1027 subduntur
440 958 592 1026 secundis
615 959 730 1039 causis,
753 961 811 1025 sed
835 977 903 1024 non
925 977 999 1042 quae
1016 957 1077 1023 im·

56 1049 195 1115 mediate
221 1051 309 1116 liunt
332 1071 351 1118 a
375 1041 454 1130 Deo,
477 1051 515 1130 ul
538 1049 670 1114 creatio.

56 1137 207 1204 Fatum
233 1141 379 1205 refertur
402 1139 446 1206 ad
467 1141 661 1222 potestatem
685 1137 759 1217 Dei,
791 1143 829 1205 ut
859 1139 900 1204 ad
931 1135 1076 1220 primum
1196 1191 1199 1198 .

57 1227 268 1312 principium,
292 1233 326 1294 et
348 1230 412 1308 sic,
436 1227 504 1296 non
529 1227 687 1316 quioquid
713 1227 889 1317 subjicitur
915 1227 1077 1293 voluntati

57 1317 122 1396 nei,
143 1319 325 1403 subjicitur
347 1321 426 1385 lato.

348 1507 353 1514 ·
397 1487 577 1582 oonsuo
600 1496 714 1565 oxvu.

166 1681 261 1746 De
297 1681 425 1760 hiS,
463 1695 594 1760 quae
620 1655 955 1761 *pertinent*

196 1769 274 1835 ad
300 1731 605 1836 actionem
621 1771 909 1841 homimis
1007 1805 1011 1808 ·

38 1947 101 2028 Au.
127 1947 163 2015 l.
181 1947 237 2017 Aa
254 1965 336 2014 onor
357 1951 442 2016 tomo
468 1898 567 2033 poerit
592 1949 687 2016 altum
722 1948 834 2016 docere.
872 1951 906 2032 Q.
941 1949 1008 2028 Sir,
1044 1953 1077 2012 et

56 2038 193 2122 explieat
218 2028 385 2125 quomod'o
409 2041 567 2124 magister
586 2039 784 2123 discipulum
809 2040 984 2123 praedooet.

37 2127 97 2195 lrt
120 2129 153 2194 2.
177 2127 229 2197 Aa
251 2131 337 2196 tomo
361 2132 457 2214 possit
477 2130 585 2197 dooere
603 2131 764 2213 Annalem.
791 2131 826 2214 Q
850 2127 896 2194 De
912 2131 1011 2196 rebus
1027 2127 1076 2195 dr

56 2217 139 2283 vinis
164 2219 250 2297 non,
283 2218 361 2305 quia
390 2219 526 2287 inferior
556 2239 623 2285 non
657 2219 822 2285 illuminat
852 2219 1073 2304 superiorem,

55 2308 106 2372 sed
129 2313 238 2392 potest
260 2326 335 2374 suas
358 2301 572 2394 cogitationes
588 2309 696 2375 uortlis
712 2309 834 2394 lugelo
850 2309 1071 2386 manifestare,

57 2397 128 2480 qula
153 2397 294 2463 inferior
317 2399 496 2484 alloquitur
519 2401 734 2484 superiorem.
976 2421 980 2430 ’

60 2485 232 2571 Apostoli
258 2505 326 2554 non
350 2489 602 2556 instruebantur
626 2509 643 2554 a
667 2489 771 2554 verbo
801 2489 859 2554 Dei
889 2489 1073 2556 seeundum

57 2574 263 2644 divinitatem
299 2577 504 2657 immediate,
531 2580 589 2644 sed
622 2583 721 2662 prout
749 2579 935 2644 humanitas
959 2577 1004 2644 eis
1028 2579 1075 2642 lo·

59 2667 228 2748 qoehatur
260 2665 342 2734 Item
373 2669 489 2764 aliquis
520 2669 651 2734 homo
642 2687 678 2734 m
701 2670 762 2736 hee
786 2669 853 2734 vila
878 2672 1074 2751 potestesse

60 2757 158 2838 majm
185 2756 324 2840 ringeln,
353 2779 420 2824 non
448 2761 541 2837 antu,
564 2759 621 2823 sod
646 2758 786 2836 virtute,
799 2758 845 2823 id
868 2764 932 2836 est,
957 2759 1073 2889 majori

59 2845 927 2911 charitale1

43 2929 98 3000 Art.
122 2935 154 3002 3.
177 2935 228 3002 Aa
252 2938 338 3002 lromo
354 2955 410 3020 per
431 2941 577 3005 virtutem
600 2940 717 3005 enimn
724 2941 821 3023 possit
835 2939 996 3005 immutare
1011 2958 1071 3008 ruo·

62 3028 161 3090 teriam
183 3028 381 3109 corporalem
407 3030 441 3112 Q.
461 3029 530 3094 Nou
549 3028 611 3094 uisi
630 3029 852 3095 mediantibus
867 3027 1073 3124 ιοιροιίιιιιε,

59 3110 116 3180 imo
139 3135 202 3181 nee
227 3117 376 3200 Angelus.
436 3164 441 3172 .

58 3201 197 3270 Sanoti
225 3205 378 3270 lecerunt
364 3206 563 3274 tmiraonla
591 3229 631 3274 ex
663 3212 835 3292 potestate
848 3211 979 3292 gratioe,
1005 3230 1072 3276 uon

58 3296 189 3359 nature.
214 3293 296 3360 llem
319 3295 488 3364 laseiuatio
512 3299 564 3374 lit,
589 3297 666 3384 qnia
686 3319 725 3364 ex
743 3297 817 3364 lorti
838 3299 1075 3384 imaginatione

57 3383 185 3463 animae
214 3384 436 3451 immutantur
461 3379 596 3472 spiritus
620 3389 790 3471 conjuncti
815 3389 849 3454 in
874 3389 990 3467 oeulls,
1015 3389 1071 3492 qui

56 3469 203 3540 inficiunt
227 3493 477 3562 aerumnaque
501 3478 542 3543 ad
567 3483 697 3544 certum
720 3478 874 3562 spatium,
900 3485 932 3546 et
948 3498 1003 3544 aer
1019 3479 1071 3544 iu-

55 3559 149 3628 leatus
173 3569 273 3631 nooet
296 3565 421 3631 teneris
445 3569 565 3668 pueris.

38 3647 98 3717 Art.
120 3651 150 3720 4.
171 3651 225 3722 Aa
247 3657 353 3722 aalma
375 3658 508 3724 temtans
530 3649 669 3742 teporata
693 3662 794 3744 possit
816 3677 943 3744 corporo
965 3656 1075 3728 saltem

59 3739 185 3813 localiter
208 3763 339 3816 movere.
362 3747 398 3833 Q.
412 3745 494 3831 Nou,
510 3749 587 3835 quia
602 3756 651 3818 est
666 3749 896 3832 determinata,
913 3753 951 3816 ut
965 3751 1075 3818 forma
