2604 4210
262 63 328 139 360
516 77 563 130 ux
588 77 755 132 saeuum
779 80 954 133 succuum

240 215 419 302 aliquando
447 214 594 280 nascitur
628 212 858 294 homicidium,
882 218 935 283 vel
965 219 1174 286 subtrahitur
1210 217 1273 282 de·

242 305 329 372 bitus
350 306 459 371 honor
473 304 677 390 parentibus.

241 395 254 426 *
278 394 437 477 Superbia
460 398 509 460 est
531 393 665 460 initium
688 395 813 477 peccati
835 395 940 463 latens
963 397 998 462 in
1022 397 1139 477 corde3
1163 397 1271 463 cuius

240 483 442 551 inordinatio
465 503 534 550 non
558 482 766 568 cognoscitur
789 487 1011 553 communiter
1026 489 1070 556 ab
1092 487 1272 564 omnihus,

240 573 315 640 ideo
338 592 407 642 non
436 572 632 657 prohibetur
655 574 689 639 in
714 572 889 660 Decalogo,
913 576 948 642 in
972 597 1038 661 quo
1061 580 1141 642 sunt
1166 577 1273 660 prin·

240 663 325 749 cipia
354 683 414 748 per
436 682 471 729 se
500 666 588 729 nota.
612 662 693 730 ltem
722 669 887 748 praecepta
916 685 989 750 quae
1019 666 1191 733 inducunt
1226 666 1273 730 ad

241 754 483 820 observandam
506 753 611 838 legem
634 757 828 838 supponunt
851 755 973 842 legem3
990 755 1065 822 ideo
1089 775 1159 823 non
1185 773 1271 839 pos·
1294 799 1295 816 t

124 857 127 866 ·
239 848 318 910 sunt
340 843 419 928 poni
449 842 537 910 inter
572 842 680 928 prima
708 848 873 928 praecepta
901 845 990 932 legis.
1020 845 1102 911 ltem
1134 839 1295 922 mardi-l

241 933 332 1000 natio
355 933 559 1016 exteriorum
586 937 739 998 motuum
761 952 830 999 non
861 935 1005 1018 pertinet
1035 937 1077 1001 ad
1100 935 1295 1008 offensam}

241 1022 382 1108 proximi
406 1043 448 1090 ex
469 1041 528 1090 sua
551 1026 681 1102 natura,
706 1025 743 1089 ut
765 1023 977 1107 adulterium,
1000 1023 1240 1093 homicidium.
1294 1033 1295 1104 l

575 1199 753 1286 QUAESTlO
776 1201 902 1270 thllll.
951 1285 958 1300 ,
1037 1205 1039 1208 ’

511 1385 602 1451 De
625 1384 970 1467 prophetia.

207 1562 286 1642 Art.
310 1563 340 1632 l.
355 1562 405 1632 Aa
424 1565 586 1649 prophetia
600 1522 756 1648 porttooot
768 1564 808 1631 od
821 1565 1035 1648 copulatorem.
1048 1564 1084 1648 rt.
1100 1561 1155 1628 Sic
1170 1564 1273 1646 prin·

238 1653 401 1738 cipaliter,
432 1674 533 1740 quare
564 1657 725 1739 propheta
753 1655 832 1720 olim
865 1654 1036 1721 dicebatur
1069 1653 1207 1733 videns,
1233 1656 1271 1718 et

225 1744 331 1810 ridet
353 1764 391 1811 ea
414 1764 489 1830 quae
511 1747 590 1810 sunt
612 1744 740 1828 procul,
756 1749 789 1810 et
813 1747 973 1811 remotae
996 1741 1190 1830 cognitione
1206 1745 1270 1809 ho·

239 1833 381 1913 minum,
397 1835 487 1902 unde
511 1833 635 1900 dicitur
658 1855 677 1900 a
700 1852 771 1917 pro,
795 1833 880 1901 idest
903 1833 1033 1919 procul,
1057 1837 1091 1898 et
1114 1833 1271 1916 phonos,

209 1995 215 2006 ,
239 1924 323 1990 idest
345 1924 525 2008 apparitio,
549 1921 627 2008 quia
660 1923 705 2003 ei,
729 1943 804 2010 quse
832 1928 911 1990 sunt
934 1922 1050 2008 procul
1077 1928 1270 2006 apparent;

239 2016 298 2080 sed
320 2014 515 2081 secundario
544 2012 694 2079 consistit
722 2013 757 2080 in
787 2013 962 2080 locutione.
993 2011 1073 2078 ltem
1108 2012 1152 2078 ad
1189 2031 1270 2078 eam

240 2102 386 2188 pertinet
407 2103 538 2186 operari
561 2101 718 2169 miracula
741 2103 777 2169 in
801 2102 1089 2170 confirmationem
1117 2103 1271 2186 prophe·

116 2235 118 2244 ι
211 2217 212 2223 ’
241 2192 306 2274 tiae,
330 2192 407 2277 quia
430 2210 505 2277 quae
526 2210 625 2276 supra
648 2194 828 2259 humanam
851 2192 1074 2277 cognitionem
1097 2191 1270 2258 divinitus

241 2280 442 2361 revelantur,
465 2301 534 2348 non
559 2287 696 2365 possunt
719 2281 910 2348 confirmari
939 2281 1067 2348 ratione
1097 2281 1268 2360 humana,

240 2390 341 2460 quam
364 2372 540 2440 excedunt.
572 2371 652 2436 ltem
676 2371 710 2436 in
735 2372 908 2457 prophetia
943 2371 1125 2457 requiritur
1157 2371 1268 2454 inspi-

240 2463 336 2542 ratio,
359 2480 434 2546 quae
456 2461 563 2526 elevet
593 2465 740 2527 mentem
763 2463 806 2526 ad
828 2460 1041 2544 percipienda
1070 2459 1203 2538 divina;
1232 2465 1268 2526 et

242 2550 399 2617 revelatio
427 2551 537 2636 quoad
564 2550 668 2633 ipsam
702 2551 949 2636 perceptionem
979 2550 1192 2628 divinorum,
1229 2551 1266 2615 in

241 2659 307 2724 quo
331 2641 501 2723 perficitur
525 2639 709 2723 prophetia.

220 2729 290 2796 Art.
314 2729 345 2795 2.
368 2728 418 2797 Aa
438 2731 596 2814 prophetia
623 2729 810 2798 sithohitos.
835 2731 870 2814 rt.
898 2727 1049 2811 Proprie,
1073 2747 1153 2804 non,
1182 2728 1267 2810 quia

243 2838 312 2884 non
337 2823 442 2902 potest
470 2840 508 2886 ea
542 2822 641 2886 homo
671 2821 719 2884 uti
753 2838 831 2885 cum
858 2817 1011 2884 voluerit.
1035 2817 1115 2884 ltem
1144 2819 1266 2883 lumen

242 2907 484 2992 propheticum,
507 2911 598 2996 quod
632 2914 681 2976 est
714 2909 935 2976 intellectuale
969 2909 1130 2975 excedens
1161 2907 1267 2972 ratio

243 3016 321 3062 nem
345 3016 414 3062 non
442 3002 548 3081 potest
569 2999 674 3065 inesse
698 2997 879 3065 intellectui
901 3016 961 3082 per
985 2997 1121 3063 modum
1144 2996 1268 3062 torma

243 3086 486 3170 permanentis,
509 3091 547 3154 ut
581 3093 629 3152 est
663 3087 811 3177 habitus,
833 3087 910 3172 quia
944 3087 991 3154 sic
1023 3105 1154 3170 semper
1184 3104 1269 3169 pro·

243 3177 342 3260 pheta
366 3179 473 3259 posset
496 3178 709 3260 prophetare,
733 3177 822 3262 quod
844 3182 893 3243 est
926 3176 1054 3243 falsum.
1077 3175 1175 3253 ltem,
1200 3194 1269 3242 nec

244 3267 414 3352 prophete
442 3265 558 3331 vident
580 3266 684 3334 Deum
708 3286 767 3351 per
791 3266 974 3345 essentiam,
998 3269 1035 3333 ut
1058 3264 1155 3332 beati.
1180 3261 1267 3331 ltcm

244 3355 357 3424 lumen
392 3354 620 3440 propheticum
661 3356 747 3422 inest
779 3355 899 3422 animae
933 3375 993 3440 per
1023 3356 1159 3422 modum
1191 3373 1268 3438 pas·

244 3445 355 3524 sionis,
378 3447 431 3511 vel
455 3443 675 3527 impressionis
691 3445 903 3512 transeuntis.

245 3535 257 3560 ¹¹
280 3533 431 3604 Cessante
452 3534 571 3602 actuali
594 3535 813 3602 illustratione
828 3536 936 3602 adhuc
951 3533 1075 3602 dicitur
1090 3533 1266 3618 propheta,

245 3623 324 3705 quia
347 3628 498 3694 remanet
527 3623 678 3690 habilitas
700 3628 738 3690 ut
768 3623 893 3691 facilius
917 3625 1098 3692 illustretur
1121 3623 1265 3702 iterum,
