2604 4210
373 97 450 150 DIVI
475 93 622 150 THOMAE.

339 326 517 411 consuo
540 328 653 395 oxuu.

53 513 159 574 De
186 510 373 589 vitiis,
399 526 555 588 quae
581 514 723 575 sunt
749 512 920 576 cirea

251 602 738 680 temperantiam.

4 785 26 840 t.
53 776 87 842 i.
117 775 171 842 Aa
195 777 415 842 insensibilitas
439 779 482 843 sit
501 779 621 844 vitium.
653 781 688 863 ii.
719 779 771 844 Sic
794 781 910 845 eontra
935 781 1019 842 tem·

4 866 199 944 erantiam,
226 872 258 930 et
282 871 503 933 contrariatur
526 867 636 932 ordini
661 868 820 946 naturali,
852 867 929 952 quia
961 887 1020 931 na·

4 975 60 1020 rra
90 957 180 1034 vult,
206 959 243 1020 ut
266 959 363 1022 homo
387 958 567 1021 delectetur
591 957 626 1022 in
651 958 841 1023 necessariis
857 955 1019 1040 operatio·

7 1047 88 1110 ibus
116 1063 180 1125 pro
203 1047 307 1111 salute
331 1050 486 1124 humana,
511 1052 544 1109 et
566 1049 816 1112 conservatione
839 1045 1017 1122 individui,

4 1139 15 1198 t
39 1134 184 1216 speciei,
207 1155 287 1218 quas
310 1137 337 1200 si
360 1139 457 1200 homo
482 1135 647 1219 resugeret
670 1137 889 1220 relinquendo
910 1153 1020 1199 neces·

4 1224 92 1299 aria,
131 1228 183 1288 esi
218 1225 464 1304 insensibilitas,
496 1230 528 1288 et
554 1229 684 1308 peceat,
707 1227 766 1291 sed
790 1227 956 1291 abstinere
978 1226 1021 1289 ab

4 1313 36 1378 ris
61 1313 361 1392 delectationibus,
385 1316 587 1398 quandoque
610 1319 658 1381 est
682 1315 862 1394 laudabile,
889 1315 940 1379 vel
965 1333 1021 1378 ne·

4 1401 174 1467 essarium
198 1406 241 1468 ob
264 1404 407 1488 aliquem
431 1407 543 1481 linem,
568 1408 601 1468 et
624 1406 667 1470 ob
689 1405 864 1470 sanitatem
888 1403 1020 1483 animae,

4 1494 40 1555 rel
66 1492 232 1574 corporis,
256 1498 289 1556 el
312 1496 353 1560 ad
376 1493 606 1558 executionem
630 1494 767 1577 aiicujus
792 1493 901 1560 oflicii.

4 1590 33 1646 rt.
58 1581 93 1647 2.
124 1581 177 1647 Ao
201 1585 437 1665 intemperantia
467 1587 511 1648 sit
535 1585 653 1666 puerile
678 1591 845 1666 peceatum.
882 1586 916 1668 rt.
952 1580 1020 1660 Sic,

4 1689 58 1736 son
96 1672 192 1754 quod
227 1674 404 1740 conveniat
432 1693 550 1755 puero,
580 1676 639 1738 sed
671 1694 730 1755 per
752 1671 1021 1749 similitudinem,

4 1763 66 1844 ruia
93 1781 165 1826 non
190 1766 239 1826 est
263 1768 433 1843 peecatum
448 1763 621 1844 superfluae
640 1762 925 1845 concupiscentiae,
942 1779 1021 1843 quae

4 1850 196 1914 ssimilatur
220 1870 331 1933 puero,
356 1853 413 1935 qui
439 1871 507 1915 non
531 1853 673 1916 attendit
696 1852 848 1918 ordinem
865 1849 1021 1924 rationis,

4 1939 37 2004 sie
62 1960 127 2003 nec
151 1941 432 2022 concupiscentia3
457 1945 490 2005 et
512 1942 646 2018 crescit,
674 1941 737 2006 nisi
760 1942 960 2024 corrigatur,
985 1943 1022 2003 el

4 2029 21 2094 li
41 2034 230 2106 coercetur,
255 2031 425 2094 reducitur
448 2032 489 2094 ad
514 2033 699 2096 honestum.

5 2127 38 2183 rt.
61 2119 93 2184 3.
118 2116 171 2184 An
197 2119 344 2185 timiditas
366 2123 411 2185 sit
431 2123 528 2202 meeis
550 2123 679 2202 silium,
706 2138 797 2203 quom
820 2122 1022 2201 intemperen-

5 2211 48 2272 lio.
74 2211 109 2290 ri.
134 2209 217 2286 Nou,
243 2210 319 2293 quia
346 2212 414 2273 haee
439 2212 538 2274 habet
564 2211 665 2294 magis
689 2213 730 2276 de
754 2210 952 2274 voluntario.

6 2307 45 2363 lrt.
68 2296 102 2380 l,
126 2297 354 2380 Arpocratem
377 2302 618 2383 intersperootie
646 2304 690 2366 sil
715 2301 846 2364 mocime
876 2296 1021 2380 roarolo-

7 2383 63 2456 lile.
106 2390 141 2472 ri.
179 2388 247 2465 Sic,
275 2389 351 2472 quia
382 2389 524 2454 maxime
555 2394 719 2473 repugnat
748 2387 965 2463 excellentiae,
990 2391 1023 2450 et

7 2477 113 2542 honori
148 2478 306 2555 hominis,
335 2480 475 2544 comsit
500 2479 587 2545 cirea
610 2479 847 2544 delectationes
872 2494 1023 2541 commu·

8 2583 52 2630 ues
76 2567 189 2643 nobis,
219 2572 251 2632 et
275 2567 395 2647 brutis,
427 2573 459 2634 et
483 2569 518 2633 in
542 2588 578 2633 ea
604 2570 713 2634 minus
742 2571 881 2652 apparet
903 2567 945 2631 de
970 2565 1022 2630 lu·

10 2657 93 2722 nine
117 2657 265 2722 rationis.

334 2835 513 2921 Qunsrro
537 2835 663 2903 caeru.

62 2987 154 3084 De
178 3019 459 3102 partibus
482 3017 930 3098 temperantiae

309 3110 373 3173 in
403 3111 696 3190 generali.

12 3291 45 3348 ri.
67 3284 95 3352 l.
117 3283 166 3352 Ao
195 3285 311 3352 Tullios
334 3289 547 3353 convenienter
570 3288 704 3369 ossieuet
726 3291 834 3369 portes
857 3291 1024 3366 temperare·

13 3377 52 3437 tio
71 3379 301 3457 recusantium,
325 3379 525 3458 elementiam,
549 3376 732 3443 modestiam
759 3378 793 3461 ri.
819 3374 893 3441 Hace
916 3375 1022 3437 habet

14 3469 104 3544 parles
126 3467 319 3550 integrales,
342 3469 556 3550 subjectivae,
579 3471 613 3531 et
637 3465 842 3549 potentiales.
872 3463 1023 3566 integra·

14 3547 49 3616 les
77 3558 153 3621 sunt
186 3555 393 3622 conditiones
422 3555 611 3622 necessariae
640 3559 817 3623 adactum
842 3552 964 3636 ipsius,
991 3553 1025 3615 et

15 3649 77 3709 ant
99 3645 307 3725 verecundia,
331 3650 364 3712 et
389 3649 553 3713 honestas.
578 3646 646 3713 Sub
650 3647 785 3731 Jectrvae
807 3645 886 3711 sunt
903 3640 1026 3726 speeies

16 3923 19 4002 l

18 4093 24 4145 i
