2636 4202
410 127 512 185 orvs
536 129 683 184 raone.
786 95 793 98 ’
994 115 1038 183 ac

57 253 116 318 Art.
133 255 162 320 5.
186 253 236 319 Aa
250 211 452 336 prescientia
475 254 653 318 maritorum
675 253 720 316 sit
739 269 830 316 carran
842 249 1082 335 predestinatio-

73 345 125 408 nis.
146 345 182 427 ιι.
204 341 289 421 Non,
312 342 370 407 sed
394 345 500 407 totum
523 341 613 427 qnod
636 344 685 407 est
707 361 726 408 a
751 340 870 408 nobis'
861 361 896 406 ιιι
916 342 1005 408 bono
1021 361 1083 407 usu

74 431 174 515 gratie
200 437 250 498 est
281 433 415 497 effectus
442 429 755 515 praedestinationis,
783 431 853 497 sive
876 428 944 496 sint
966 429 1084 497 merita

74 521 301 602 praecedentia,
335 521 407 588 sive
439 519 685 605 subsequentia.
715 520 799 586 Item
833 539 921 586 unus
950 522 1084 586 effeetus

74 610 361 692 predestinationis
397 615 502 694 potest
536 630 605 676 esse
638 629 734 677 causa
770 609 903 676 alterius
938 611 1083 676 effeetus.

76 699 144 765 Ιιειιι
173 716 241 788 non
274 705 322 768 est
346 701 430 767 ratio
458 701 492 766 in
517 705 684 779 creatura,
709 713 771 766 cur
793 701 852 766 ιιοε
875 699 988 782 eligat,
1013 700 1084 766 iilos

76 809 148 868 non,
179 791 256 858 iicet
291 791 522 856 manifestetur
540 790 683 874 justitia,
706 793 739 856 ει
761 789 986 856 misericordia
1010 788 1083 855 dei:

76 898 128 944 nec
148 883 194 946 eri
216 880 376 964 iniquitas
400 880 436 946 in
459 879 543 957 Deo,
566 881 644 964 quia
667 881 803 946 eftectus
826 878 1085 964 predestinatio-

78 968 120 1034 nis
141 989 206 1036 non
229 989 273 1036 ex
296 969 421 1049 debito,
444 971 566 1054 sodex
589 969 694 1053 gratia
716 970 825 1036 datur.

61 1057 117 1125 Art.
137 1059 166 1126 d.
187 1060 237 1126 Αιι
260 1059 491 1144 predestinatic
513 1062 558 1125 rit
578 1066 671 1127 certo.
696 1061 732 1142 ris
753 1058 821 1139 Sic,
853 1059 888 1126 id
918 1062 983 1138 est,
1013 1078 1085 1126 cer·

79 1148 184 1214 tissime
211 1150 429 1233 consequitur
455 1168 553 1215 suum
576 1151 746 1226 effectum,
778 1169 821 1216 no
844 1149 918 1216 ideo
942 1150 1084 1234 imponit

77 1239 301 1317 neeessitatem,
325 1257 399 1322 qnae
422 1242 470 1304 est
493 1239 569 1322 pars
592 1239 827 1322 providentiae,
845 1257 920 1324 quae
935 1239 1085 1324 (utdixi)

78 1345 135 1393 uon
156 1327 299 1412 imponit
323 1327 549 1394 necessitatem
573 1328 679 1394 oausis
701 1328 813 1393 liberis
836 1328 1005 1412 proximis.

78 1417 352 1484 ‘Praedestinatus
376 1422 482 1501 potest
512 1417 597 1484 mori
626 1417 660 1484 in
692 1415 823 1500 peceato
847 1417 997 1499 mortali,
1026 1419 1083 1484 sed

80 1525 135 1572 non
158 1509 192 1572 ιι
214 1506 480 1592 predestinatus,
503 1511 553 1572 est
576 1508 667 1573 enim
686 1508 902 1594 impossibiie;
917 1507 964 1578 sic
980 1511 1086 1593 potest

78 1597 212 1663 amittae
239 1615 401 1665 eoronam
428 1615 469 1663 ex
499 1596 618 1662 merito
643 1596 773 1680 gratiae,
798 1617 867 1664 non
891 1617 932 1664 ex
957 1599 1086 1682 praede·

79 1685 249 1753 stinaiione.
276 1687 358 1754 item
382 1687 538 1753 insensu
569 1686 748 1771 composito
777 1687 863 1754 Deus
887 1701 955 1754 non
980 1691 1086 1773 potest

80 1794 136 1840 non
163 1777 399 1862 praedestinare
428 1795 527 1862 quem
556 1776 820 1859 praedestinavit,
846 1778 922 1843 licet
940 1779 1086 1844 absolute

82 1872 182 1946 pessi.

65 1953 116 2021 Art.
135 1955 163 2023 7.
184 1956 232 2026 Aa
256 1977 401 2024 cromerus
427 1956 710 2040 predestinatorum
738 1959 783 2022 ait
809 1963 918 2025 cartus.
954 1959 990 2043 ιι.
1020 1957 1086 2024 Deo

81 2049 120 2110 cst
138 2052 257 2128 certos,
281 2047 362 2132 ,quia
384 2049 463 2112 iacit
483 2050 525 2113 ad
551 2050 677 2113 bonum
700 2045 866 2126 universi,
889 2066 980 2114 senus
1003 2068 1088 2132 prae·

82 2134 236 2206 destinatio
273 2140 359 2202 esset
393 2136 537 2202 incerta:
573 2135 656 2215 imo,
687 2141 721 2202 et
750 2135 1014 2221 corruptibilium
1039 2141 1087 2202 est

83 2229 174 2291 certos
206 2245 372 2294 numerus
396 2228 465 2292 ,sou
499 2226 579 2292 nea
602 2227 762 2310 cognitus.
801 2221 882 2292 item
917 2229 1087 2312 pauciores

84 2313 250 2397 mirentur,
281 2317 361 2400 quia
385 2315 555 2382 manendo
577 2316 707 2382 excedit
729 2319 852 2382 statum
875 2335 1086 2384 communem

85 2408 209 2486 natue,
234 2406 421 2492 presertim
443 2408 609 2488 corruptae
633 2423 693 2488 per
716 2411 886 2489 peccatum
910 2407 1086 2492 originale,

84 2495 110 2556 et
128 2493 158 2560 in
174 2498 405 2579 ⁴troeepparet
427 2513 547 2579 magno
570 2494 799 2562 misericordia
821 2495 889 2575 Dei,
917 2497 1007 2582 quod
1030 2497 1088 2561 arra

85 2599 151 2663 quos
170 2587 276 2671 erigat
300 2605 319 2650 a
342 2605 409 2668 qua
431 2584 566 2668 plurimi
589 2585 760 2651 decidunt.

71 2668 119 2737 ιιι.
138 2673 168 2741 8.
188 2675 239 2743 Aa
260 2675 493 2760 predntinotic
513 2677 611 2757 poerit
628 2676 737 2756 jocari
749 2677 888 2759 paritas
903 2681 1087 2744 coarctarem.

88 2761 242 2846 ιιιὶιιιιι
266 2767 423 2830 effectum
445 2765 509 2843 sie,
532 2768 566 2828 et
589 2765 676 2830 Deus
700 2767 865 2848 praevidit,
890 2771 957 2842 noir
982 2768 1087 2845 aliter,
1141 2823 1144 2830 .

26 2883 30 2898 ·
86 2850 131 2916 ted
148 2872 215 2922 uon
234 2857 379 2939 juvatur
399 2853 564 2925 ordinatio
587 2855 656 2920 Dei.
688 2855 767 2920 item
796 2856 906 2940 quoad
935 2859 1087 2922 effectum

88 2957 140 3007 non
162 2948 268 3027 potest
292 2944 462 3029 impediri,
483 2943 562 3029 quie
583 2963 690 3012 causae
713 2947 890 3012 secundae
893 2964 962 3014 non
986 2948 1089 3032 agunt

88 3027 158 3098 ιιιιι
179 3035 336 3104 ordinem
359 3051 465 3102 cause
488 3035 614 3120 prinae.
813 3049 837 3064 ¹*
