2614 4190
278 143 346 218 trs
551 164 599 218 nr
628 162 794 220 suranna
818 159 970 221 suerrum

222 281 303 352 Art
326 283 358 353 e.
381 282 431 350 Aa
453 302 491 352 ee
512 283 663 370 speciebus
683 285 869 352 sacramenti
887 284 985 369 parsit
1005 280 1124 366 etiamst
1146 298 1280 365 amra-

254 377 296 440 ri.
321 376 355 458 rt.
379 373 441 455 Sia,
464 376 522 441 sed
546 395 613 441 nan
637 392 839 459 excerpere
862 372 1005 453 Christi,
1043 372 1102 438 sed
1137 391 1180 436 ex
1206 371 1282 454 ipsa

253 463 450 548 quantitate,
472 483 547 550 quae
570 485 589 530 a
611 464 679 531 Dea
701 464 842 544 babuit,
873 466 912 530 ut
932 462 976 529 sit
997 461 1214 540 subiectum,
1249 463 1283 526 et

256 552 406 636 suppleat
428 554 534 621 vieem
558 555 715 626 materiae.

231 638 299 710 Art.
323 641 354 710 6.
377 641 427 711 Aa
448 647 558 728 specics
579 643 813 711 sacramentales
833 645 956 729 possint
974 643 1107 710 natrice.
1132 641 1169 725 ri.
1193 637 1255 706 Sia
1274 649 1304 716 ,i

255 732 331 817 quia
355 737 600 801 convertuntur
621 735 657 801 in
682 733 779 801 aliam
801 733 1029 811 substantiam,
1053 736 1087 798 et
1108 729 1189 816 quia
1214 731 1281 795 ba-

230 823 337 889 'bent
358 824 551 890 substantiae
573 824 746 890 virtutem.

231 908 300 980 Art.
323 912 354 982 7.
377 910 427 980 Aa
448 915 560 998 specics
581 914 811 981 sacramentales
832 916 1021 1000 {ranaarttar
1042 913 1078 978 iu
1102 911 1159 978 tac
1174 927 1284 976 sacru·

253 1010 364 1070 racab.
390 1005 425 1089 ri.
449 1001 572 1084 Sia,·et
593 1005 709 1070 tractio
732 1005 770 1069 tit
784 1005 819 1071 in
832 1003 989 1084 subiecto,
1004 1001 1099 1082 idest,
1111 1000 1147 1067 in
1168 1018 1283 1084 quan·

254 1092 349 1158 titate
370 1091 555 1161 dimensiva
578 1093 689 1178 panis;
713 1113 782 1160 non
804 1093 970 1178 frangitur
992 1109 1112 1173 carpus
1141 1087 1283 1165 Christi,

254 1182 331 1267 quia
354 1186 403 1248 est
425 1183 686 1267 incorruptibile,
710 1188 745 1248 et
766 1187 814 1249 est
836 1187 942 1249 totum
956 1183 991 1248 in
1005 1179 1152 1266 qualibet
1169 1182 1281 1262 parte,
1304 1237 1305 1252 ,

255 1274 290 1338 et
312 1271 459 1339 Christus
481 1275 703 1340 manducatur
727 1273 911 1340 seeundum
925 1271 1059 1357 species,
1082 1287 1158 1355 quae
1183 1269 1281 1334 iran-

255 1365 392 1446 guntur.

231 1447 302 1519 Art.
325 1452 357 1518 8.
380 1449 429 1519 Aa
452 1450 563 1537 atiqais
587 1452 688 1537 tiqaor
712 1455 810 1538 pascit
835 1454 907 1521 eirea
941 1457 1113 1519 consecrata
1152 1447 1281 1515 mmeri-

253 1543 342 1609 sceri.
366 1542 401 1624 ri.
425 1538 501 1622 Sic,
524 1545 558 1609 et
579 1542 607 1608 si
629 1545 719 1628 quod
743 1543 900 1610 miscetur
922 1545 971 1608 est
986 1540 1121 1608 atterius
1139 1536 1278 1622 speciei,

252 1630 298 1696 ita
319 1634 358 1698 ut
380 1631 475 1697 fleret
496 1633 665 1716 quoddam
688 1632 833 1711 tertium,
857 1651 925 1698 non
939 1631 1128 1697 remaneret
1138 1626 1279 1714 viuum,

253 1739 316 1788 uec
338 1739 457 1805 eorpus
479 1719 613 1804 Christi3
637 1723 665 1788 si
688 1722 835 1789 ciusdem
856 1721 997 1806 speciei,
1021 1739 1054 1784 v.
1077 1739 1108 1804 g.
1132 1715 1278 1796 vinum,

252 1807 280 1876 si
303 1810 459 1878 miscetur
482 1815 695 1894 portatum,
719 1813 796 1879 lieet
818 1811 861 1877 sit
883 1811 971 1879 idem
994 1809 1119 1893 speeie,
1158 1811 1277 1873 tamen

252 1919 321 1966 non
346 1903 395 1966 est
417 1900 506 1967 idem
530 1919 681 1981 numera,
705 1905 739 1968 et
771 1902 817 1968 sie
847 1921 916 1968 non
944 1903 1027 1967 esset
1064 1897 1111 1964 ibi
1140 1893 1280 1981 sanguis

251 1987 387 2071 Christi3
410 1989 438 2055 si
461 2009 537 2075 pars
560 2011 672 2076 parva,
696 1996 735 2058 ut
758 1993 861 2077 gutta,
886 1991 921 2058 in
946 1990 1001 2056 iila
1024 1991 1120 2074 parta
1134 1987 1191 2053 eui
1217 1983 1280 2051 mi-

251 2083 361 2146 scetur
384 2078 506 2146 desinit
528 2099 598 2147 esse
620 2081 753 2167 sanguis
776 2080 908 2149 Christi.

252 2167 356 2236 'Nun
380 2173 429 2235 est
451 2168 540 2236 idem
564 2171 606 2237 de
629 2191 733 2257 acqua
757 2171 943 2252 benedicte,
967 2168 1045 2255 quia
1083 2163 1275 2236 benedictio

249 2277 322 2365 nan
344 2261 458 2328 mutat
472 2255 690 2328 substantiam
720 2279 842 2349 aquae,
881 2265 920 2327 ut
956 2260 1033 2328 tacit
1071 2254 1274 2326 eauseeratio

251 2366 334 2418 vrnr.
807 2383 812 2390 ·

568 2618 749 2709 namuro
772 2617 927 2694 txxvrn.

390 2805 482 2874 De
506 2805 704 2872 forma
729 2801 1104 2872 sacramenti

521 2897 970 2964 Eucharistiae.

227 3069 296 3141 Art.
318 3069 351 3140 1.
373 3070 426 3140 Aa
440 3075 512 3143 baec
544 3077 588 3142 sit
618 3077 717 3160 farma
749 3074 954 3140 sacramenti:
977 3069 1042 3140 iiac
1078 3077 1124 3138 est
1157 3081 1270 3170 carpas

246 3181 370 3246 meum,
392 3171 424 3230 et
445 3162 506 3233 Hic
536 3172 582 3233 est
601 3166 686 3231 caeca
707 3166 868 3249 saranatis
890 3165 960 3230 mei.
973 3164 1020 3248 ¹ri.
1043 3161 1105 3240 Sic,
1129 3163 1164 3225 et
1203 3157 1269 3221 aira

233 3254 349 3320 'verba
372 3273 441 3320 nan
464 3249 544 3321 sunt
566 3256 607 3321 de
630 3255 821 3320 necessitate
842 3251 1062 3332 sacramenti,
1085 3250 1144 3317 sed
1168 3263 1270 3332 prae·

246 3342 344 3427 septi.
367 3342 446 3411 Nota
471 3345 534 3410 aiia
555 3348 759 3410 sacramenta
782 3346 861 3410 sunt
883 3343 918 3409 in
943 3360 1004 3409 usu
1028 3339 1188 3416 materia,
1204 3335 1270 3400 bac

247 3431 281 3499 in
305 3433 548 3501 consecratione
571 3433 736 3512 materiae;
762 3432 797 3499 in
821 3431 890 3500 eliis
921 3431 1072 3498 minister
1094 3423 1269 3498 benedicit

246 3520 410 3603 materias,
432 3521 486 3588 hia
510 3541 591 3590 vera
614 3523 764 3589 minister
787 3523 893 3590 salum
916 3521 1041 3606 profert
1076 3520 1207 3595 verba,
1233 3515 1268 3579 et

245 3609 332 3678 Deus
353 3611 535 3693 convertit;
558 3616 592 3679 et
614 3613 760 3681 Christus
782 3611 832 3678 bis
855 3611 966 3678 verbis
988 3607 1207 3680 consecravit.

224 3695 294 3769 Art.
317 3700 349 3770 2.
372 3700 421 3774 eia
442 3703 567 3772 taccsit
587 3705 769 3774 conveniens
790 3705 891 3788 terma
912 3702 1149 3774 aameaattaar'r
1162 3697 1266 3785 nouit,
