2622 4210
348 155 366 188 'T
381 157 390 188 ·’
417 149 495 201 nive
519 149 666 202 Titulle.

265 329 268 338 ’
388 378 566 462 purusne
592 377 692 446 exn.

16 563 102 624 Do
133 519 413 640 peccatis
437 563 713 640 justitiae
745 558 1060 637 oppositus,

114 678 119 694 ι
200 651 297 714 do
321 650 507 729 summ,
541 657 604 714 ot
628 651 860 728 rapina.

16 829 79 894 Art.
105 829 140 894 l.
163 827 214 893 ‘An
236 831 379 910 possessio
408 847 511 894 serrem
540 829 726 894 exteriorem
749 829 792 890 sie
819 827 973 891 maternalis
1009 827 1058 889 lm·

36 921 127 982 mini.
146 918 383 1000 msQuentum
406 920 447 983 nd
470 936 567 982 usum
595 920 656 992 sie,
686 915 763 999 quia
795 935 855 998 pro
887 917 1060 980 vuluntate

38 1013 146 1088 putent
169 1007 235 1070 illis
258 1009 316 1083 uti,
340 1009 417 1090 quia
442 1027 501 1089 pro
525 1009 581 1071 illo
604 1010 687 1070 lucta
710 1009 805 1085 mint,
842 1010 875 1070 et
910 1008 979 1070 hoe*
1002 1004 1062 1067 de·

38 1097 182 1162 minium
209 1095 242 1161 iu
258 1099 409 1161 «homine
435 1098 697 1162 est·seeundum
728 1096 909 1171 rationem,
933 1097 967 1158 in
997 1111 1062 1176 qua

39 1188 146 1270 imago
170 1185 230 1250 Dei
253 1186 316 1264 eit3
338 1189 397 1252 sed
420 1191 583 1270 quantum
607 1187 649 1250 ml
674 1189 827 1250 naturum
848 1187 989 1250 subsunt
1005 1199 1062 1246 vu·

41 1275 191 1340 lentati·

22 1366 84 1429 Art.
110 1365 143 1432 Ξ.
171 1367 221 1428 An
246 1367 336 1430 lieret
356 1366 452 1430 alieni
474 1385 538 1430 rem
562 1368 696 1449 aliquam
726 1374 762 1431 nt
782 1367 940 1450 propriam
967 1364 1062 1446 posse

42 1456 119 1520 lere.
151 1457 188 1537 m.
211 1454 380 1536 Quantum
405 1457 447 1520 nd
471 1458 651 1536 putentium
676 1455 905 1538 dispensandi,
933 1461 966 1518 et
990 1472 1065 1538 pru·

42 1547 199 1622 euruneli,
234 1545 296 1620 sie,
331 1545 408 1628 quin
442 1546 581 1627 quilibet
611 1547 797 1629 est-magis
832 1545 988 1609 sollicitus
1023 1543 1064 1606 de

44 1633 201 1717 propriis,
231 1653 332 1716 qetnm
359 1636 399 1698 de
426 1634 674 1712 communibus,
703 1640 736 1698 et
761 1653 820 1718 pru
843 1635 980 1709 urdine,
1004 1651 1064 1714 pru

45 1723 118 1804 p'uee
140 1724 234 1786 inter
259 1723 423 1799 nerninem
447 1725 505 1788 sed
529 1730 692 1806 quantum
716 1725 758 1788 ad
778 1740 874 1790 usum
889 1722 1066 1788 ¹humorle·

45 1815 96 1875 bet
118 1813 216 1877 facile
240 1833 293 1876 eus
317 1814 621 1877 communicarent
648 1813 855 1878 necessitates
874 1812 1065 1876 *hominnm

44 1899 375 1966 *Liuusss'eeundum
397 1904 451 1984 jus
475 1901 627 1967 naturale
651 1921 719 1967 non
743 1902 786 1966 sit
808 1901 975 1967 distinetie
996 1910 1082 1984 pes.

44 1993 242 2068 sunum,
260 1995 386 2055 tulmen
418 1991 603 2073 preprietas
629 1992 762 2056 illerum
786 1995 1066 2058 nen'‘·est¹enntre

42 2081 263 2160 insuetum,
296 2082 353 2146 sed
384 2079 430 2144 illi
455 2082 615 2145 additum.
642 2081 722 2146 ltem
745 2081 838 2148 dives
861 2099 929 2145 non
955 2083 1067 2162 peceat

46 2171 245 2236 cumulando
274 2170 488 2252 possessiones
511 2170 559 2235 rei
583 2173 778 2248 cunimunis
806 2173 986 2239 dummodo
1016 2169 1067 2234 iu-

47 2261 185 2326 disnrete
209 2279 278 2324 nnn
303 2262 478 2341 prohibeat
499 2279 609 2324 usum.

30 2348 88 2416 ΑΗ.
108 2351 153 2416 e:
166 2347 217 2416 lm
231 2351 289 2414 mir
304 2351 485 2416 irruimus
506 2353 586 2432 furti
609 2354 744 2435 recipere
771 2352 885 2418 operette
910 2349 1068 2418 rem-ulie·

47 2459 124 2506 num.
150 2441 186 2523 ri.
211 2437 274 2515 Sie,
298 2438 376 2523 quin
405 2459 464 2522 pro
487 2441 577 2505 furto
601 2441 663 2505 tria
688 2443 915 2525 requiruntur.
939 2439 1066 2514 Primo,

48 2535 83 2594 ut
106 2533 287 2611 usurpetur
317 2528 464 2614 alienum
490 2535 606 2595 contre
633 2532 806 2612 justitiam.
838 2529 1007 2606 Secunde,
1030 2532 1086 2592 ιιιἱ

47 2619 85 2686 sit
107 2620 195 2686 uires
221 2638 292 2684 rem
316 2634 503 2700 possessam,
526 2623 562 2684 et
585 2639 653 2684 nuu
679 2639 863 2704 personum,
888 2624 925 2685 ut
945 2623 993 2682 est
1009 2621 1068 2682 ho·

49 2707 235 2785 mieidium‚
264 2708 477 2772 adulterium.
504 2708 632 2787 Tertio,
660 2716 697 2775 ut
721 2711 848 2776 ueeulte
871 2713 1068 2792 usurpetur,
1130 2753 1133 2756 -

50 2803 78 2861 et
99 2799 135 2863 in
160 2801 225 2864 hee
247 2801 296 2861 est
320 2799 453 2880 propriu
478 2798 560 2864 ratio
585 2799 676 2864 lurti.
795 2825 800 2834 ·

51 2886 263 2954 'Occultatin
287 2890 487 2971 quaudoque
510 2893 558 2956 est
576 2907 678 2954 -eeusn
703 2889 837 2973 peceati,
861 2891 899 2954 ut
923 2887 957 2954 in
982 2888 1069 2963 dolo,

51 2982 80 3040 et
107 2978 244 3052 fraude,
276 2982 310 3040 et
335 2978 413 3044 lesit
442 2978 586 3060 speeiem
615 2979 756 3060 peceati:
782 2980 839 3044 sed
862 2979 998 3062 quando
1021 2983 1070 3042 est

51 3067 185 3150 simplex
209 3065 468 3141 circumstantia,
493 3067 614 3134 retinuit
638 3072 819 3150 peecatum,
852 3068 929 3151 quia
957 3071 1005 3132 est
1027 3067 1071 3131 si·

53 3177 148 3238 guum
175 3155 404 3233 verecundiae,
431 3162 465 3222 et
492 3158 577 3222 tollit
598 3159 801 3223 scandulum.
830 3157 910 3223 ltem
933 3160 997 3223 suls
1019 3157 1072 3221 in·

51 3248 130 3326 justu
145 3244 341 3327 acceptione
357 3246 553 3329 intelligitur
570 3247 692 3330 injuste
708 3248 865 3325 detentio,
879 3249 956 3333 quin
974 3247 1072 3312 hebet

55 3337 188 3401 eandem
214 3335 378 3398 rationem
403 3337 607 3402 nocumenti.

39 3421 95 3490 Art.
117 3425 148 3490 l.
171 3423 222 3491 An
245 3426 380 3506 fertum,
404 3430 568 3508 etrnpiun
590 3429 813 3510 simmacum,
836 3446 900 3511 peu
924 3425 1073 3504 differant

56 3518 150 3594 speeie.
178 3517 214 3598 ri.
237 3515 300 3591 Sin,
324 3514 401 3596 quia
425 3516 507 3580 illud
531 3518 568 3581 fit
590 3517 684 3593 elam,
711 3518 772 3584 hoe
793 3537 853 3602 per
869 3513 1071 3591 violentiam,

58 3605 149 3669 etsie
174 3605 298 3670 hebent
322 3604 468 3670 diversas
492 3605 644 3683 rationes
670 3607 703 3672 id
727 3611 785 3687 est,
807 3603 1070 3672 involuntarium

59 3693 236 3772 nescientis,
260 3696 293 3758 et
316 3693 580 3762 involuntarium
603 3715 662 3780 per
686 3697 764 3762 vim.
788 3696 824 3762 ln
840 3694 912 3763 aliis
928 3693 1072 3778 peccatis
