2608 4220
270 165 337 236 542
573 187 619 236 nx
644 145 912 238 surennmeuro
1007 199 1015 234 s

249 302 375 370 tionem
397 303 424 372 si
437 301 631 388 revocetur,
655 309 787 371 tenetur
811 305 920 371 redire
935 301 977 370 ad
999 303 1171 370 maritum.
1190 303 1261 368 ltem
1292 288 1293 368 l

249 392 276 458 si
300 397 371 476 post
392 393 573 462 divortium
589 395 726 462 maritus
737 396 959 474 adulteratur,
973 414 1041 462 non
1060 398 1169 477 potest
1187 412 1262 460 uxor
1292 371 1293 460 l

250 487 360 565 petere
383 484 691 566 reconciliationem,
716 505 778 552 nec
801 485 899 551 iudex
927 488 1033 568 polest
1048 482 1143 551 illum
1168 483 1210 548 de
1225 483 1268 548 ri·
1292 537 1293 540 ,

249 591 327 655 gore
349 574 391 640 ad
414 576 476 641 hoc
498 594 623 660 cogere,
646 576 704 640 sed
725 576 824 641 debet
846 574 1031 640 secundum
1055 572 1267 658 equitatem,

104 689 119 718 ο
249 665 287 727 ut
309 664 457 733 consulat
479 663 599 730 animae
622 664 700 731 eius.
725 663 806 732 ltem
823 665 875 731 vir
889 665 1035 742 adulter,
1062 663 1090 727 si
1115 666 1207 746 petat
1222 661 1267 727 di·

250 753 406 834 vortium,
430 759 552 841 peccat,
575 755 651 820 licet
673 754 793 821 mulier
817 775 884 821 non
909 753 1009 838 possit
1035 753 1180 836 probare
1204 751 1266 818 eius

249 842 460 922 adulterium,
484 845 645 912 tamensi
669 843 751 928 petit
775 845 945 926 debitum,
976 846 1010 909 et
1032 840 1268 910 reconciliatio·

250 950 339 1014 nem,
353 933 416 1000 -vir
437 937 571 1003 tenetur
593 934 636 1002 ad
659 938 851 1020 utrumque.
886 982 888 986 -

597 1111 784 1198 QUAESTIO
808 1112 909 1182 LXlll.

418 1297 511 1362 De
535 1298 823 1366 secundis
846 1294 1093 1378 nuptiis.

228 1467 296 1542 Art.
320 1471 350 1541 l.
373 1471 423 1542 Ac
437 1473 580 1542 semodoc
596 1478 722 1560 soptim
736 1478 802 1543 sim
824 1475 949 1542 licitiae.
969 1473 1003 1558 ri.
1019 1470 1082 1550 Sic,
1098 1467 1180 1556 quia
1196 1471 1265 1553 post

251 1565 392 1630 moriem
415 1564 526 1631 uxoris
561 1585 628 1632 non
659 1571 707 1634 est
734 1566 1030 1649 impedimentum,
1060 1561 1139 1626 licet
1161 1563 1268 1626 careat

250 1645 306 1720 illo
328 1656 465 1732 honore,
489 1658 526 1720 ut
548 1655 590 1720 sil
613 1675 680 1722 una
704 1657 801 1722 unius
823 1655 907 1722 sicut
930 1651 1089 1732 Christus,
1106 1653 1141 1717 et
1164 1649 1269 1716 lisele·

250 1742 308 1830 sie,
331 1747 364 1810 et
387 1746 425 1811 iit
446 1744 635 1830 irregularis
654 1765 722 1813 non
738 1749 874 1831 propter
891 1745 1033 1828 culpam,
1049 1741 1109 1808 sed
1134 1743 1269 1826 propter

250 1832 415 1902 deiectum
438 1835 644 1902 sacramenti.

230 1919 300 1990 Art.
323 1923 354 1991 2.
377 1925 430 1994 Ao
455 1924 616 1994 secondom
648 1927 877 1993 matrimonium
904 1923 949 1992 sit
979 1923 1212 1992 admemoriam.
1238 1917 1270 2003 ri.

251 2011 313 2092 Sic,
336 2018 374 2082 ul
396 2014 552 2099 primum,
575 2015 652 2101 quia
676 2018 775 2083 hahet
791 2015 956 2102 requisita,
973 2015 1057 2080 idest
1085 2011 1272 2086 materiam,

252 2107 351 2188 atque
373 2105 523 2187 formam,
547 2111 580 2172 et
602 2106 718 2189 copula
741 2126 809 2174 non
832 2111 882 2172 est
904 2107 1086 2188 peccatum,
1114 2106 1150 2167 et
1173 2100 1210 2166 in
1227 2119 1273 2165 se-

240 2195 363 2260 cundo
388 2195 554 2279 reperitur
587 2196 731 2283 perfecta
759 2194 977 2280 significatio,
1010 2193 1088 2261 licet
1120 2193 1270 2273 respectu

253 2283 353 2368 primi
375 2284 492 2352 habeat
514 2285 656 2371 aliquem
679 2285 855 2365 delectum,
880 2285 956 2352 ideo
978 2303 1047 2352 non
1072 2280 1295 2374 benedicung

254 2375 311 2440 tur
330 2375 486 2444 secundae
502 2375 638 2460 nuptiae.
1294 2381 1295 2408 l

599 2543 780 2640 QUAESTIO
803 2551 906 2623 LXIV.

256 2737 348 2804 De
373 2735 626 2806 annexis
647 2734 1062 2814 matrimonio,
1087 2727 1250 2796 etde

468 2831 814 2927 redditione
839 2823 1039 2892 debiti.

232 3001 299 3073 Art
325 3006 355 3076 l.
378 3005 430 3075 Ao
444 3007 523 3076 ultor
537 3012 700 3094 malopem
716 3011 853 3074 temotm
872 2997 1103 3072 alcrimodam
1124 2993 1267 3102 debilem.

256 3096 291 3181 ll.
313 3098 376 3178 Sic,
399 3118 440 3164 ex
463 3101 653 3166 necessitate
676 3095 842 3181 praecepti,
864 3095 953 3162 salva
975 3095 1088 3156 tamen
1110 3106 1204 3172 prrus
1218 3104 1269 3150 m·

254 3188 444 3257 columitete
467 3208 624 3272 personae,
648 3187 726 3272 quia
748 3187 887 3252 reddere
915 3185 1040 3266 spectat
1068 3177 1111 3244 ad
1134 3193 1271 3263 genera·

255 3277 379 3346 tionem
403 3278 513 3363 prolis.
537 3279 627 3357 ltem,
650 3276 784 3362 quando
805 3274 860 3341 vir
882 3271 1033 3340 redditur
1048 3268 1213 3352 impotens
1226 3263 1266 3330 ad

249 3369 464 3436 reddendum
487 3368 636 3435 debitum
651 3386 693 3432 ex
715 3383 810 3434 cansa
826 3362 925 3443 licita,
940 3357 1061 3431 mulier
1076 3375 1146 3424 non
1173 3355 1271 3422 debet

257 3458 408 3543 exigere,
431 3461 465 3526 et
487 3458 541 3524 ille
564 3475 631 3523 non
655 3457 754 3522 debet
788 3454 948 3538 reddere,
978 3449 1037 3516 sed
1057 3447 1085 3516 si
1110 3466 1153 3514 ex
1175 3463 1270 3512 cama

256 3546 379 3629 illicita,
403 3550 498 3614 etex
522 3549 584 3614 lroe
605 3551 762 3629 sequatur
784 3547 954 3627 peccatum
977 3537 1144 3617 mulieris,
1168 3529 1295 3628 impu-l

257 3640 346 3703 tatur
368 3637 452 3703 viro.
470 3636 572 3715 ltem,
594 3636 686 3718 lepra
714 3634 812 3700 solvit
833 3628 1006 3718 sponsalia,
1032 3629 1091 3718 sed
1113 3646 1185 3694 non
1209 3645 1275 3692 ma·

258 3726 474 3805 trimonium3
507 3725 582 3794 ideo
604 3743 689 3792 uxor
711 3726 844 3792 tenetur
871 3724 1001 3807 leproso
1021 3715 1176 3788 debitum
1199 3715 1273 3785 red·
