2608 4220
434 117 513 172 nrvr
537 115 685 171 rubum.
975 99 1052 171 547.

66 241 246 310 naturales.
272 239 362 320 item,
384 239 442 325 qui
465 258 507 306 ex
529 237 703 316 adulterio,
725 240 759 304 et
775 242 901 324 stupro,
925 259 987 307 nee
1007 246 1088 307 suut

66 331 247 410 naturales,
271 349 332 397 neo
351 329 511 415 legitimi,
534 328 612 413 quia
634 332 714 396 sunt
736 333 852 396 eontra
874 330 980 415 legem
1003 329 1088 416 posi·

65 421 182 500 tivam,
206 425 240 486 et
262 420 460 489 naturalem.

42 511 111 580 Art.
134 509 168 580 2.
190 509 242 576 Ao
264 510 328 593 filit
349 510 506 594 illopitimi
528 504 654 578 doleam
673 526 712 575 oe
733 511 788 577 loo
801 508 925 594 aliquod
945 509 1087 580 umnam

64 606 232 685 reportare.
258 601 293 683 rt.
316 599 378 678 Sie,
402 619 471 666 non
494 600 571 684 quia
594 598 657 664 illis
671 600 901 678 subtrahatur,
916 602 1006 683 quod
1024 600 1086 667 illis

63 695 149 757 esset
170 688 341 768 debitum,
364 689 422 755 sed
445 690 536 774 quod
560 707 627 754 non
651 692 722 754 erat
744 689 916 768 debitum,
938 690 996 757 sed
1018 709 1086 756 esse

65 782 218 864 poterat,
253 782 291 844 ut
313 778 391 862 quia
413 798 481 844 non
505 779 686 844 sueoedunt
709 777 893 845 haereditati
918 782 1085 860 paternae,

64 871 119 936 vel
144 887 213 935 non
237 868 462 934 admittuntur
485 869 527 934 ad
550 871 642 934 aetus
656 866 839 952 legitimos,
855 871 894 933 ut
908 868 950 934 ad
963 868 1086 954 aliquas

63 957 252 1043 dignitates,
276 957 393 1035 oilieia,
417 960 479 1022 ete

42 1047 111 1116 Art.
137 1046 168 1114 3.
191 1046 338 1130 Auribus
353 1047 532 1130 illepitimos
547 1046 836 1131 porsttlopitimori.
861 1047 897 1131 ri.
923 1045 986 1125 Sio,
1003 1046 1087 1113 idest

63 1139 107 1204 ad
130 1139 216 1216 boe,
244 1140 284 1201 ui
305 1138 545 1204 subtrahantur
579 1138 701 1202 damna
725 1156 798 1220 quae
822 1136 1008 1202 incurreret
1035 1156 1084 1202 se-

62 1227 213 1293 nundum
237 1226 333 1311 leges.
357 1226 447 1306 Nota,
475 1225 812 1310 modus'legitimandi
832 1227 1016 1292 secundum
1034 1247 1086 1294 ea-

64 1335 169 1382 nones
192 1318 264 1397 est,
286 1315 314 1380 si
336 1319 431 1397 pater
453 1316 552 1381 ducat
575 1319 716 1381 matrem
739 1317 775 1381 in
799 1334 959 1394 uxorem,
983 1317 1036 1381 vel
1058 1319 1085 1382 si

63 1423 150 1490 papa
173 1404 361 1488 dispensat:
385 1406 567 1472 seeundum
591 1405 677 1488 leges
700 1410 758 1484 est,
781 1404 809 1470 si
832 1409 925 1489 pater
939 1405 1033 1470 offert
1047 1408 1085 1470 li-

62 1496 147 1561 lium
170 1496 355 1562 naturalem
379 1495 480 1560 ouriae
504 1493 721 1578 imperatoris,
744 1493 772 1560 si
796 1496 905 1561 nullus
932 1495 974 1560 sit
1000 1495 1086 1560 tilius

62 1584 250 1669 legitimus,
273 1587 306 1648 et
329 1583 466 1666 ipsemet
488 1583 574 1650 lilius
597 1584 741 1667 principi
764 1603 798 1649 se
825 1586 957 1651 offerat:
979 1584 1007 1648 si
1030 1604 1086 1668 pa-

62 1679 114 1740 ter
138 1674 174 1739 in
199 1677 395 1740 testamento
418 1673 568 1739 nominet
590 1692 666 1739 eum
690 1673 873 1758 legitimum
897 1673 1084 1750 haeredem,

61 1770 96 1830 et
127 1767 239 1847 postea
271 1782 348 1829 eum
373 1762 564 1846 imperatori
598 1762 715 1842 offert;
738 1763 766 1827 si
790 1768 882 1846 pater
894 1761 929 1826 in
953 1762 1084 1844 publioo

61 1854 296 1932 instrumento,
321 1852 373 1918 vel
397 1871 473 1918 eum
500 1852 599 1917 trium
624 1852 758 1917 testium
770 1850 986 1935 inscriptione
1008 1870 1084 1916 eum

60 1943 247 2028 legitimum
270 1942 431 2020 nominet,
456 1961 517 2007 neo
541 1941 673 2008 adiiciat
696 1941 890 2008 naturalem.

408 2118 587 2206 QUAESTIO
611 2119 714 2188 leX.
755 2225 756 2228 Ἴ

226 2304 317 2368 De
341 2301 439 2368 his
464 2317 595 2381 quae
619 2307 900 2384 spectant

76 2391 155 2457 ad
178 2394 726 2473 resurrectionem,
755 2397 818 2456 et
844 2390 1046 2473 primo

260 2482 337 2550 de
362 2485 498 2548 1000
524 2483 866 2547 animarum

339 2577 479 2652 post
503 2577 784 2640 mortem.

36 2746 107 2816 Art.
132 2748 163 2815 l.
186 2744 236 2813 Au
255 2754 471 2831 postmortem
494 2751 689 2833 arriperetur
710 2748 897 2833 roooptoeuto
911 2747 1080 2815 opimatus.

61 2839 97 2920 ri.
122 2837 175 2903 Sie
198 2837 275 2921 quia
298 2837 383 2903 Deus
407 2857 466 2921 per
489 2857 542 2903 eas
564 2841 727 2922 gubernat
750 2837 952 2923 corporalia,
981 2839 1082 2903 etsie

59 2931 110 2992 est
133 2926 242 3011 aliqua
266 2925 483 3011 congruentia
496 2933 592 3010 prout
612 2929 817 3012 dignioribus
830 2926 1018 2994 substantiis
1034 2927 1083 2993 di·

59 3017 179 3100 gniora
202 3019 359 3098 aptantur
383 3035 531 3100 corpora,
554 3037 612 3083 seu
629 3018 715 3097 lona,
731 3019 807 3084 lieet
822 3017 1002 3083 substantia
1018 3017 1083 3101 spi-

59 3103 193 3171 ritualis
214 3107 399 3172 seeundum
422 3125 519 3172 suum
543 3126 611 3172 esse
635 3128 703 3174 nnn
728 3108 870 3191 pendeat
892 3127 910 3172 a
935 3125 1083 3189 corpore,

58 3199 94 3260 et
118 3194 220 3260 sitin
244 3195 315 3260 loeo
338 3196 447 3282 aliquo
470 3197 569 3262 modo
591 3219 631 3261 ex
660 3200 801 3281 quadam
832 3195 1085 3280 proportionali·

60 3288 130 3350 tate
153 3303 187 3348 v.
212 3303 261 3368 gr.
285 3284 404 3352 animae
427 3286 643 3370 spiritualiter
670 3286 862 3352 illuminatae
877 3285 1084 3351 conveniunt

57 3393 140 3441 num
164 3374 358 3456 corporibus
380 3375 572 3453 luminosis,
601 3380 638 3441 ut
667 3379 702 3443 in
726 3377 824 3454 eoelo;
849 3375 968 3440 animae
991 3377 1082 3440 obte-

59 3467 213 3531 nebralae
236 3481 312 3529 oum
336 3465 415 3531 loeis
439 3465 628 3542 tenebrosis,
651 3465 746 3531 utin
770 3465 912 3531 interno.

34 3552 107 3620 Art.
128 3552 163 3620 2.
185 3551 235 3620 Ao
257 3556 364 3620 ototim
385 3562 601 3638 postmortem
624 3558 743 3621 ooimoe
757 3554 943 3622 boumbour
964 3552 1004 3619 od
1016 3572 1081 3620 eor·

57 3645 134 3724 lum,
157 3645 205 3710 oet
228 3642 267 3712 ud
299 3646 465 3727 infernum.
490 3648 525 3730 ri.
549 3645 676 3725 Statim,
700 3644 765 3712 nisi
786 3644 821 3710 in
848 3643 943 3713 bonis
959 3643 1002 3710 sit
1023 3643 1083 3719 ali·

55 3733 143 3820 quid
165 3733 391 3822 purgandum.
