2652 4198
233 64 238 68 ’
266 70 331 156 iliu
539 95 601 162 „aa
625 89 739 158 emma
764 89 936 158 succuum
995 82 997 86 ’

219 240 287 309 Art.
312 237 347 308 6.·
375 239 424 308 Au
455 237 605 308 beatitudo
637 244 795 332 consistat,
810 243 845 307 ia
869 238 1042 328 capuitio'ue
1064 241 1302 308 scientiarum

240 331 506 414 speculativarum.
532 333 566 416 d.
590 328 677 411 Nou,
702 331 779 417 quia
803 333 969 398 habentur
993 351 1052 418 per
1075 349 1215 410 sensus,
1243 337 1304 398 et

242 441 310 487 non
336 421 398 487 nisi
422 421 623 505 imperfecte.

219 511 286 578 Art.
312 509 342 578 7.
365 510 415 578 Aa
442 511 590 579 beatitudo
621 513 834 580 consistoria
861 516 1036 596 capnitioue
1067 511 1303 596 dumetorum.

244 603 278 685 li.
314 599 399 680 Nou,
432 604 491 668 sed
526 602 601 682 Dei,
632 602 722 688 quad
750 599 805 669 esi
823 622 941 670 verum
964 603 1294 688 imparticipatum,

242 690 355 776 Angeli
379 690 623 775 participatum.
948 724 950 729 ·

221 778 288 848 Art.
312 780 343 847 8.
367 779 416 863 Aa
441 781 593 849 beatitudo
615 783 749 850 bomiais
771 786 815 849 sit
837 786 872 850 iu
895 786 1012 850 uisioue
1035 783 1148 850 diuina
1172 800 1296 848 essem·

245 874 303 938 tia.
330 873 363 954 et.
388 869 441 936 Sic
463 871 709 962 perfectuum,
734 871 963 959 cognoscendo
974 872 1218 959 'qnidditatem
1244 873 1298 939 in
1323 933 1324 942 ,

243 959 396 1028 haesita
420 961 621 1046 imperfecte.

619 1159 799 1246 QUAESTIO
823 1160 871 1229 lV.

253 1367 342 1430 De
367 1366 488 1444 his,
515 1377 669 1440 quae
696 1364 771 1441 ad
795 1361 1252 1428 beatitudinem

538 1455 961 1534 requiruntur.

222 1634 293 1715 Art,
316 1631 347 1698 i.
370 1630 420 1698 Aa
442 1634 620 1715 requiratur
633 1629 800 1698 delectatio
823 1631 862 1698 ud
883 1630 1107 1700 beatitudiuem.
1126 1631 1161 1716 u.
1178 1625 1293 1698 Sicut

244 1722 325 1807 quid
356 1722 584 1804 concomitans
618 1721 835 1806 adeptionem
863 1721 984 1810 summi
1014 1721 1111 1801 boni,
1135 1726 1290 1788 causata

244 1833 285 1878 ex
319 1809 430 1898 quoiete
464 1813 628 1898 appetitus
639 1810 691 1902 :iu
723 1813 810 1898 bono
839 1812 974 1896 adepto,
1002 1830 1075 1898 quae
1101 1807 1291 1878 confortat

243 1902 416 1982 visionem,
439 1907 473 1968 et
497 1923 563 1970 nan
588 1901 735 1984 impedit,
761 1900 838 1985 qnia
863 1922 931 1974 nan
955 1901 1119 1968 distrahit.

221 1994 288 2060 Art.
312 1993 343 2058 i.
368 1991 419 2060 Aa
440 1995 475 2060 iu
497 1991 684 2061 beatitudine
707 1993 750 2056 sit
769 1993 977 2076 principalior
998 1994 1088 2070 cisio,
1111 2011 1206 2074 uuam
1226 1991 1286 2058 de·
1323 2019 1324 2024 ¹

245 2083 375 2149 lectatio.
405 2083 440 2165 li.
464 2081 565 2158 Visio,
596 2100 671 2164 quse
695 2082 742 2145 e‘st
765 2100 861 2147 causa
885 2080 981 2148 iliius.
1007 2079 1086 2146 item
1112 2079 1288 2147 voluntas
1323 2133 1324 2138 1

244 2191 310 2236 uon
336 2171 409 2236 vnit
433 2170 557 2238 bouum
583 2173 717 2254 psopter
740 2170 1010 2251 delectationem,
1037 2171 1094 2236 sed
1118 2171 1213 2235 hane
1244 2175 1287 2236 ul

243 2264 416 2344 operatum
451 2260 509 2325 sed
543 2261 641 2325 bruta
670 2263 802 2338 eontra,
830 2262 907 2346 quia
937 2263 1056 2328 volunt
1080 2255 1285 2326 bonnm'in
1323 2327 1324 2332 ,

244 2349 447 2433 particulari.

223 2440 290 2507 Art.
308 2439 338 2506 3.
354 2437 404 2506 Aa
419 2437 460 2505 ad
474 2437 689 2505 beatitudiuem
704 2441 883 2522 requiratur
898 2442 1133 2529 comprehensio.
1151 2439 1188 2522 ei.
1207 2437 1283 2512 Sic,

243 2531 278 2598 id
301 2533 365 2611 eso,
387 2529 577 2596 consecutio
601 2529 693 2609 finis,
717 2529 751 2594 id
775 2533 840 2607 est,
864 2531 987 2610 tentio,
1010 2532 1068 2597 sed
1093 2549 1162 2598 non
1189 2547 1282 2594 con·
1323 2579 1324 2606 ,

244 2619 390 2685 eluditur
413 2619 509 2685 Deus.

221 2709 288 2776 Art.
313 2706 344 2777 le.
368 2707 416 2774 Aa
440 2708 478 2776 ad
500 2707 715 2775 beatitudiuem
743 2703 923 2794 requiratur
950 2709 1098 2779 rectitudo
1128 2709 1278 2777 isaianu-

119 2853 121 2856 .
246 2801 294 2866 tis.
320 2800 354 2884 ti.
376 2798 442 2880 Sic,
464 2800 700 2868 antecedenter
724 2819 800 2867 oum
825 2797 1001 2882 munditia,
1025 2803 1282 2895 consequenter

244 2908 436 2972 cumpace.
624 2935 637 2976 ·,
858 2965 861 2973 ⁴

222 2978 290 3046 Art.
317 2979 348 3046 5.
379 2977 429 3048 Au
459 2980 498 3048 od
525 2979 741 3050 beatitudiuem
770 2981 903 3050 domiuus
934 2984 1115 3074 requiratur
1149 2975 1278 3068 carpus.

245 3071 280 3153 si.
315 3068 351 3134 la
388 3072 449 3137 hac
475 3072 544 3140 vita
573 3071 637 3152 sic,
660 3071 738 3155 quia
761 3071 922 3158 intelligit.
939 3092 1002 3162 per»
1022 3067 1275 3160 phantasmata,

243 3159 278 3226 in
314 3159 396 3226 eaelo
430 3181 516 3240 nan,
540 3161 628 3247 auia
664 3181 724 3244 per
752 3161 930 3242 visionem,
956 3163 1014 3230 sed
1039 3182 1098 3248 pra
1122 3163 1274 3246 perfecta
1325 3228 1326 3233 ,

245 3248 450 3316 beatitudine
475 3251 656 3336 requiritur
673 3269 793 3334 carpus
808 3253 850 3318 ad
867 3255 952 3318 bene
969 3273 1047 3332 esse,
1064 3251 1141 3357 quia
1157 3251 1274 3320 anima
1323 3331 1325 3336 ,

242 3337 367 3422 appetit
390 3358 509 3423 carpus
531 3359 607 3406 eum
631 3338 746 3424 gloria,
770 3346 869 3425 prout
892 3347 941 3408 esu
965 3339 1131 3426 possibcle.

220 3428 288 3496 Art.
313 3426 344 3496 6.
376 3427 424 3496 Aa
453 3429 492 3498 ad
520 3428 737 3498 beatitudiuem
770 3435 951 3515 requiratur
985 3430 1089 3518 aliqua
1121 3431 1273 3524 perfectio

244 3521 389 3605 corporis.
415 3521 449 3605 ti.
473 3519 520 3588 aa
537 3519 715 3602 perlectam
733 3523 970 3590 accidentalem
986 3524 1043 3603 sic,
1060 3517 1139 3610 qui'a
1153 3521 1278 3588 anima·

244 3601 292 3673 esi
315 3609 431 3690 torma,
455 3608 506 3678 cui
532 3609 684 3676 naturale
706 3605 755 3676 es't
778 3612 868 3678 unici
890 3611 1031 3704 corpori.

221 3696 289 3763 Art.
315 3697 346 3767 7.
374 3698 422 3766 Aa
448 3700 489 3766 ad
518 3695 732 3776 beatitudiuem
766 3695 967 3788 requiruntur
1001 3704 1106 3790 aliqua
1139 3708 1269 3770 caterua
