2632 4212
267 129 347 226 ua*
526 171 574 226 nx
598 153 765 226 suenum
790 165 967 228 sueonum

610 395 792 483 ouusno
816 397 881 468 xv.

282 581 373 646 De
396 579 567 646 vitiis
592 573 889 663 oppositis
916 582 1208 662 so1entiae,

520 675 583 734 et
605 672 970 736 intellectui.

220 844 288 914 Art.
312 845 344 917 i.
365 845 416 914 Ao
432 839 555 916 'ooottos
576 848 687 914 meotis
708 849 753 913 sit
769 853 934 931 peceatum.
960 849 995 934 rt.
1019 847 1153 915 Caecitas
1176 867 1274 914 men·
1304 843 1305 908 l

243 935 284 1002 tis
306 936 334 1004 si
357 938 531 1021 proveniat
554 957 595 1003 ex
618 938 748 1004 detentu
763 937 919 1017 naturali,
936 957 1003 1004 non
1021 940 1070 1003 est
1085 941 1273 1021 peecatum,
1304 947 1305 1026 J

242 1026 318 1094 iicet
352 1025 478 1093 iumine
512 1027 655 1100 naturali
686 1045 784 1093 nemo
810 1026 978 1110 privetur,
1005 1026 1064 1092 sed
1087 1026 1274 1110 impeditur
1304 1045 1305 1108 5

242 1115 285 1182 ab
307 1116 377 1199 ejus
399 1133 472 1184 usu.
496 1114 576 1183 item
599 1115 742 1200 privatio
765 1113 903 1182 luminis
917 1113 1093 1183 hahttnaiis
1107 1115 1272 1202 superad-

242 1201 311 1271 dita
342 1207 471 1272 naturae
500 1207 550 1272 est
578 1205 723 1285 caecitas}
754 1207 788 1269 et
817 1207 866 1270 est
893 1223 1006 1288 poena;
1028 1205 1088 1271 sed
1113 1203 1145 1271 oi
1169 1207 1272 1272 humo

241 1297 422 1376 spontanee
444 1313 480 1361 se
502 1295 623 1361 avertit
646 1315 665 1362 a
687 1293 953 1361 consideratione
980 1295 1138 1378 principii
1169 1293 1273 1362 intet-

241 1381 390 1467 tigibiiis,
420 1382 455 1448 id
482 1387 545 1464 est,
575 1383 726 1466 iuminis3
754 1383 805 1448 vet
830 1387 968 1471 occupat
990 1401 1025 1450 se
1048 1383 1083 1450 in
1108 1385 1272 1464 terrenis,

241 1489 316 1556 quae
338 1471 441 1557 magis
463 1471 582 1558 diligit,
606 1475 677 1540 haee
699 1471 826 1540 oaooitaa
850 1475 898 1538 est
921 1475 1104 1557 pareatum.

219 1559 290 1628 Art.
312 1559 344 1628 2.
367 1558 417 1628 Aa
438 1560 580 1630 totototo
603 1582 707 1630 aenou
733 1564 778 1628 stt
804 1559 891 1628 utirtd
908 1569 1062 1650 peecatum
1093 1565 1274 1632 amatote
1304 1539 1305 1544 ἵ

240 1651 360 1718 montio.
397 1652 431 1737 ri.
466 1650 535 1731 Sic,
566 1651 644 1736 quia
667 1654 767 1719 habet
790 1651 935 1718 diversas
958 1668 1087 1733 causas,
1105 1651 1184 1737 quia
1208 1653 1274 1718 im·

241 1743 376 1822 portant
398 1741 567 1825 quandam
590 1740 794 1808 debilitatem
819 1739 940 1808 mentis
969 1741 1057 1808 eirea
1075 1741 1273 1808 ‘considera-

240 1827 366 1896 tionem
388 1825 610 1914 spiritualium
629 1833 805 1908 bonorum,
823 1830 881 1894 sed
898 1829 1024 1898 caecitas
1040 1831 1273 1898 omnimodam

240 1917 479 2071 pr{vationem;
502 1919 561 1986 sed
584 1921 749 1987 hebetudo
773 1937 840 1986 non
865 1921 914 1986 est
937 1924 1119 2004 pennatum,
1144 1919 1209 1986 nisi
1226 1919 1273 1986 sit

240 2025 283 2072 vo
297 2009 439 2077 untaria.
1066 2069 1078 2090 ‚

217 2093 285 2164 Art.
309 2097 341 2164 3.
363 2096 413 2165 Aa
435 2101 554 2166 nocitos
582 2102 707 2180 ments,
731 2099 924 2168 attritione
954 2119 1059 2168 seruos
1082 2101 1207 2166 oriotro
1232 2119 1273 2167 eo

237 2189 369 2272 peceato
398 2188 583 2256 cornotitro.
609 2189 784 2256 flebetudo
807 2209 921 2257 sensus
943 2209 984 2255 ex
1007 2190 1099 2274 gula,
1122 2191 1181 2256 sed
1205 2209 1272 2258 eae·

239 2275 319 2341 uitas
349 2276 469 2342 mentis
498 2295 540 2344 ex
563 2277 709 2358 luxuria,
739 2279 824 2368 aiunt
846 2280 975 2346 uastitas
998 2283 1031 2344 et
1055 2277 1226 2346 abstinent
1251 2299 1270 2345 a

240 2364 384 2442 maxime
413 2365 595 2451 disponunt
623 2367 792 2435 hominem
823 2370 865 2435 ad
889 2367 1124 2452 perfectionem
1149 2386 1271 2452 opera·

240 2454 339 2521 tinnis
362 2455 602 2536 intellectualis,
625 2457 703 2544 quia
727 2459 804 2525 iioet
826 2477 902 2524 euro
926 2476 994 2523 non
1018 2460 1093 2544 agat
1116 2457 1151 2522 in
1168 2457 1270 2528 intei-

238 2543 370 2636 ieotum,
395 2549 507 2615 tamen
530 2545 670 2640 impedit
692 2549 916 2632 operationem
941 2545 1051 2630 ipsius.

599 2723 779 2810 QnAEsvto
808 2725 887 2798 XVi.

263 2908 355 2972 De
380 2909 708 2993 praeceptis
733 2909 894 2988 fidel,
927 2907 1220 2989 scientiae,

515 3003 578 3063 et
601 3001 971 3067 intellectus.
1003 3091 1016 3102 ἱ
1106 3066 1110 3075 ,

215 3170 284 3240 Art.
309 3170 338 3237 i.
362 3171 469 3241 Anto
491 3176 587 3241 oetrri
609 3175 672 3258 ope
693 3173 936 3244 uvuervutaarv
947 3183 1098 3260 precepto
1113 3175 1268 3246 uadenti.

241 3263 274 3347 it.
304 3260 388 3338 Ante
421 3267 585 3347 praeaepta
615 3265 813 3348 supponitur
844 3263 925 3330 tides
954 3267 1151 3345 necessaria,
1186 3267 1266 3352 quia

240 3351 390 3419 homines
411 3353 550 3434 subiecti
574 3352 643 3438 Deo
666 3354 846 3437 suscipiant
869 3357 1043 3437 praerepta,
1071 3355 1148 3440 quia
1172 3373 1267 3421 noee-

241 3441 440 3507 dentemud
464 3439 568 3508 Deum
592 3446 722 3526 oportet
744 3445 888 3523 eredere,
913 3446 946 3507 et
963 3443 1065 3525 posita
1081 3445 1147 3510 tide
1164 3446 1266 3510 unius

239 3528 297 3594 Dei
320 3532 444 3598 dantur
474 3535 636 3615 praerepta
666 3532 745 3611 aiia,
775 3532 851 3615 qnia
881 3532 915 3597 in
941 3534 1007 3598 lide
1031 3533 1134 3599 muita
1156 3534 1266 3599 nonti-

241 3623 366 3686 nentur
391 3618 543 3687 ordinata
572 3621 614 3686 ud
645 3622 755 3687 fidem.
787 3623 865 3686 item
896 3621 929 3685 in
960 3621 1063 3686 veteri
1094 3621 1166 3706 tege
1195 3642 1262 3689 non

238 3711 317 3772 sunt
340 3710 416 3774 data
439 3709 501 3775 aliu
526 3713 698 3796 praecepta,
723 3710 799 3794 quia
823 3713 946 3776 secretu
972 3709 1048 3776 srdei
1074 3729 1141 3776 non
1167 3717 1263 3778 eruut
