2604 4210
280 119 346 190 act
538 136 585 186 ux
608 135 775 192 snouunl
801 133 977 190 sueonos.

578 358 756 447 punsno
786 357 938 430 ctxxut.

605 544 697 608 De
724 539 905 608 modo

353 631 755 714 propheticae
780 629 1165 712 cognitionis·

235 807 304 880 Art.
327 808 359 878 l.
381 807 433 874 Aa
453 809 605 892 prophta
618 807 742 876 uideat
756 811 853 893 ipsum
876 806 935 874 Dei
951 809 1124 876 aseneum.
1142 806 1180 890 ni.
1200 804 1286 882 Non,

256 899 313 966 sed
349 898 463 965 videat
485 897 520 965 in
551 897 750 983 quibusdam
783 897 1056 964 similitudinibus
1090 893 1287 961 secundum

258 987 510 1054 illustrationem
544 987 650 1054 divini
685 988 833 1055 luminis.
862 986 943 1052 ltem
972 988 1081 1054 cuent
1115 983 1229 1064 beati3
1255 987 1288 1047 et

257 1076 341 1144 ratio
365 1076 478 1143 idealis
500 1096 569 1143 non
592 1077 686 1145 addit
706 1097 807 1161 super
830 1075 1004 1142 essentium
1028 1073 1203 1152 divinam,
1222 1071 1288 1138 nisi

258 1170 408 1251 respectu
430 1165 473 1232 ad
494 1169 697 1248 creaturam
721 1171 755 1232 et
777 1165 870 1252 prius
883 1169 933 1232 est
948 1182 1145 1250 cognoscere
1171 1162 1286 1228 Deum

257 1258 292 1323 in
316 1275 361 1338 se,
383 1272 482 1341 quam
506 1254 542 1322 in
566 1257 684 1324 ordine
707 1257 750 1323 ad
773 1259 948 1335 creaturas,
972 1272 1051 1340 ergo
1072 1256 1288 1337 cognoscunt

257 1365 299 1412 ex
322 1344 524 1412 revelatione
558 1344 673 1414 divina
701 1348 824 1431 absque
847 1364 887 1412 eo
909 1344 998 1431 quod
1028 1342 1211 1410 essentiam
1236 1340 1288 1405 vi-

256 1435 368 1503 deant.

233 1524 303 1594 Art.
325 1523 358 1591 2.
380 1520 430 1591 ilc
452 1524 488 1589 ia
506 1527 683 1609 prophetica
715 1525 898 1594 rosulum
931 1525 1151 1608 imprimuntur
1183 1523 1290 1588 menti

255 1617 406 1699 propbeta
428 1631 512 1680 coac
525 1633 630 1682 reram
651 1618 772 1700 species,
787 1617 835 1683 uel
856 1617 955 1682 solum
973 1615 1073 1680 lamec
1097 1630 1227 1680 amum.
1248 1613 1284 1694 rt.

257 1704 318 1769 Per
341 1704 505 1770 influxum
520 1704 657 1770 luminis
679 1705 920 1783 intellectualis,
947 1706 1110 1788 quantum
1125 1701 1171 1767 ad
1197 1699 1291 1768 iudi·

256 1793 345 1860 cium
367 1793 538 1859 confertur
571 1793 696 1878 aliquid
722 1813 823 1878 supra
859 1793 1043 1861 naturalem
1076 1790 1289 1856 facultatem.

258 1881 336 1950 item
360 1886 523 1967 quantum
547 1883 590 1949 ad
612 1884 835 1967 acceptionem
860 1901 973 1949 rerum
989 1883 1027 1947 lit
1043 1901 1102 1966 per
1123 1881 1289 1964 speciem,

256 1977 289 2038 et
312 1972 347 2040 in
372 1974 434 2039 boa
456 1972 628 2057 prophetia
651 1976 699 2040 est
720 1973 835 2040 similis
858 1971 1059 2056 disciplina.
1093 1986 1160 2055 qua
1184 1968 1287 2036 disci·

257 2061 335 2146 pulo
358 2065 639 2146 repraesentantur
674 2081 725 2128 res
747 2063 914 2130 locutione
937 2065 970 2127 et
991 2060 1103 2145 signis,
1125 2058 1188 2126 sed
1216 2077 1288 2128 non

258 2150 293 2218 in
317 2151 571 2218 illuminatione.
596 2151 676 2219 ltem
700 2172 768 2219 non
792 2157 841 2218 est
855 2151 1040 2218 censendus
1063 2150 1234 2234 propheta
1251 2149 1288 2225 is,

256 2239 309 2306 cui
332 2241 371 2306 lit
393 2241 639 2324 repraesentatio
674 2259 786 2307 rerum
816 2261 874 2326 per
895 2237 1128 2307 similitudines
1161 2237 1287 2324 imagi·

258 2329 367 2396 uarias
389 2330 442 2394 vel
466 2331 667 2413 corporales,
696 2335 734 2395 ut
756 2329 935 2410 Pharaoni,
971 2327 1034 2394 nisi
1069 2327 1289 2395 illuminetur

258 2437 351 2487 mens
373 2420 415 2486 ad
439 2419 667 2489 indicandum.
691 2419 783 2498 ltem,
807 2421 864 2506 qui
888 2417 1105 2497 illuminatur,
1129 2419 1171 2482 ut
1196 2417 1289 2486 iudi·

256 2511 308 2574 oet
330 2509 372 2576 de
402 2508 664 2593 apparitionibus
698 2508 901 2593 imaginariis
934 2507 1094 2586 aliorum,
1128 2509 1180 2572 est
1204 2527 1288 2591 pro·

257 2599 366 2681 pheta,
390 2603 428 2666 ut
451 2598 573 2681 loseph,
595 2598 653 2664 scd
675 2597 819 2665 maxime
841 2599 899 2684 qui
915 2599 950 2665 iu
974 2602 1119 2682 utroque
1133 2596 1286 2663 excellit.

233 2683 301 2753 Art.
325 2685 357 2755 3.
380 2686 430 2754 Ac
452 2689 529 2756 cisio
552 2690 726 2772 proptettca
759 2707 874 2772 semper
907 2690 964 2772 piat
984 2706 1052 2754 eum
1074 2683 1287 2754 deuotione

257 2775 442 2846 occasibus.
468 2781 502 2862 ti.
526 2778 596 2844 Non
620 2798 767 2861 semper,
784 2778 862 2864 quia
886 2798 953 2844 non
978 2780 1084 2860 potest
1105 2775 1182 2842 tieri
1207 2779 1286 2844 aba·

256 2867 373 2933 tractio
407 2867 598 2935 asensibus
619 2868 753 2952 quando
776 2867 901 2952 aliquid
934 2868 1190 2949 repraesentatur
1224 2885 1287 2948 par

254 2955 377 3037 species
399 2956 585 3035 sensibiles,
614 2957 685 3023 sive
708 2955 869 3024 divinitus
903 2958 1073 3032 formatas,
1109 2959 1147 3020 ut
1171 2958 1286 3022 rubus

254 3043 384 3128 Moysis;
407 3047 464 3112 sed
487 3045 664 3131 aliquando
688 3051 796 3130 potest
819 3045 904 3127 lieri,
934 3049 972 3111 ut
995 3044 1130 3128 quaudo
1152 3044 1193 3110 ut
1221 3064 1286 3130 per

255 3131 375 3199 formas
399 3133 618 3218 imaginarias.

232 3221 304 3290 Art.
326 3221 358 3291 l.
381 3223 432 3289 An
451 3226 605 3307 propbeta
633 3244 748 3310 semper
782 3231 966 3309 ccpncseuat
992 3243 1028 3292 cu
1053 3242 1119 3307 pac
1146 3227 1286 3308 propbe-

258 3319 334 3378 loct
358 3313 392 3398 ii.
416 3311 486 3380 Non
509 3333 649 3396 semper,
672 3315 749 3401 quia
765 3315 906 3399 Spiritus
920 3318 1053 3381 moetus
1077 3312 1227 3379 intendit
1248 3316 1285 3383 iu

255 3402 306 3467 his
329 3406 367 3468 ut
388 3421 488 3488 agens
511 3401 693 3487 principale
723 3424 781 3488 per
804 3403 1067 3471 instrumentum
1097 3403 1284 3472 deficiens:

255 3491 314 3557 sed
329 3493 488 3577 propbeta
512 3493 679 3576 cognoscit
700 3513 735 3560 se
756 3514 777 3561 a
798 3492 922 3579 Spiritu
945 3496 1059 3559 sancto
1082 3491 1210 3558 moveri
1237 3497 1284 3563 ad

255 3580 380 3737 ιΙὶᾳὲιέᾱ
414 3581 644 3736 alestimaudum
668 3585 720 3648 vel
755 3584 1010 3668 significandum
1045 3583 1099 3668 (ex
1127 3582 1284 3670 tugost)

257 3687 317 3735 ver
383 3689 425 3737 ve
471 3674 555 3740 acto.
