2622 4210
434 135 517 185 nrvr.
535 132 680 185 ruoun.
966 111 1036 186 327

37 265 97 334 lrt.
123 268 155 335 l.
179 266 229 335 Aa
250 272 478 351 perseuerantia
503 269 643 352 indigeat
664 271 785 336 auxilio
812 272 931 354 pratia.
964 273 998 352 rb.
1032 270 1075 336 Αε

55 363 148 441 cepta
173 359 361 441 prolaabitu,
386 364 423 423 ut
447 365 496 425 cst
519 360 644 437 virtus,
670 360 799 443 indiget
821 363 910 426 dono
935 361 1072 427 habitua

57 448 91 510 lis
119 448 251 530 gratiae,
286 454 324 512 ut
357 454 484 514 caeterae
520 451 658 514 virtutes
681 449 814 527 inlusae,
842 452 869 516 si
906 471 966 533 pro
996 455 1089 532 actu·

57 537 311 618 perseverantiae
335 539 476 604 durante
500 560 601 622 usque
625 539 666 602 ad
693 544 841 615 rarortem,
859 541 986 623 indiget
1002 560 1070 604 nou

56 629 160 692 solum
186 628 343 693 habituali
369 631 487 710 gratia,
512 631 569 694 scd
593 629 715 693 auxilio
739 629 798 692 Dei
822 631 964 712 gratuito
994 650 1076 694 con·

57 722 211 783 servante
236 717 404 782 bominem
428 719 462 782 in
489 722 574 784 bono
599 738 701 801 usquc
730 719 895 782 adfinem
930 719 1022 796 vitae,
1047 722 1080 782 et

59 806 102 870 sic
126 809 175 870 cst
198 807 324 871 donum
348 806 416 884 Dei,
442 828 502 872 nce
524 808 646 872 suflicit
671 807 810 872 liberum
836 809 1023 872 arbitrium.

60 899 69 918 '
91 895 202 962 Primo
226 896 353 961 homini
377 896 439 960 tuit
461 898 587 974 datum,
613 916 678 960 non
704 901 742 960 ut
765 902 1004 978 perseveraret,
1020 898 1080 961 scd

61 990 96 1048 ut
118 1003 332 1066 perseverare
356 990 478 1068 posset,
508 988 566 1052 scd
593 985 834 1069 praedestinatis
860 1005 917 1068 per
942 987 1083 1069 gratiam

61 1073 178 1140 Christi
202 1095 269 1140 non
295 1075 400 1140 solum
424 1076 522 1141 datur
546 1079 582 1140 ut
607 1094 820 1159 perseverare
851 1075 993 1159 possint,
1026 1076 1085 1140 sed

61 1169 96 1229 ut
119 1168 344 1248 perseverent.

367 1343 547 1428 QUAESTlO
570 1343 752 1413 CXXXVlll.

249 1529 340 1591 De
364 1529 533 1592 vitiis
560 1529 857 1606 oppositis

308 1619 810 1696 perseverantiae.

49 1788 105 1857 Art.
129 1792 158 1857 l.
184 1793 236 1858 An
259 1795 403 1860 mollities
427 1802 596 1878 opponatur
617 1796 857 1876 perseverantia.
876 1795 911 1877 rb.
927 1791 989 1871 Sic,
1007 1791 1085 1876 quia

66 1883 156 1946 mollo
180 1883 304 1948 dieitur
328 1886 416 1966 quod
440 1885 533 1948 lacile
557 1885 644 1948 cedit
671 1885 838 1967 tangenti,
870 1882 972 1946 etsie
996 1884 1086 1964 quod

25 1967 27 2052 l
67 1970 175 2054 aliquis
199 1973 241 2038 dc
264 1973 351 2038 facili
375 1975 500 2039 recedit
523 1994 541 2038 a
566 1976 653 2038 bono
679 1978 813 2055 propter
836 1972 993 2048 difficilia,
1012 1991 1085 2054 quae

25 2055 27 2096 l
66 2062 220 2128 sustinere
252 2083 320 2127 non
347 2069 468 2146 potest,
493 2066 564 2127 haec
588 2063 738 2127 mollities
762 2068 811 2126 est
834 2064 951 2126 contra
975 2079 1086 2143 perse·

67 2152 255 2216 rorantium.
280 2152 350 2217 Non
377 2158 487 2218 tamen
512 2152 634 2217 dicitur
657 2152 773 2236 aliquis
799 2151 914 2229 molliS,
938 2150 964 2215 si
989 2151 1086 2214 cedat

69 2242 208 2319 graviter
233 2241 492 2324 impellentibus.

67 2327 79 2355 *
99 2329 200 2414 Aliqui
225 2336 304 2395 sunt
329 2333 441 2396 molles
465 2332 706 2397 consuetudine
731 2332 951 2414 voluptatum,
978 2328 1087 2412 aqui-

70 2417 122 2481 bus
145 2420 279 2484 difficile
303 2421 481 2486 abstinent.
510 2420 568 2486 Alii
599 2440 617 2484 a
645 2421 802 2504 qualitate
832 2419 1086 2502 complexionis,

27 2561 28 2582 ἶ
70 2507 106 2570 ob
126 2528 225 2592 quam
249 2513 329 2574 sunl
351 2510 465 2575 animo
488 2510 707 2589 inconstanti,
737 2517 774 2575 ut
798 2511 969 2585 mutieres,
995 2515 1026 2571 ct
1051 2507 1085 2573 ni

71 2595 221 2666 dicuntur
246 2599 418 2665 muliebria
445 2600 522 2682 pati,
547 2601 637 2683 quasi
664 2601 841 2666 muliebres
865 2598 979 2664 effecti.

55 2682 109 2750 lrt.
131 2687 162 2754 2.
183 2686 234 2754 Aa
254 2692 428 2771 pertinacia
452 2698 622 2773 opponatur
643 2691 886 2771 perseuerantia.
912 2689 947 2770 el.
966 2686 1029 2764 Sic,
1048 2689 1086 2750 ut

72 2778 251 2856 superstitio
274 2778 442 2862 religioni,
473 2785 506 2843 et
538 2779 689 2862 pertinax
713 2784 760 2844 est
784 2778 1015 2861 imprudenter
1039 2780 1087 2838 te·

73 2879 145 2944 nar,
168 2868 262 2954 quasi
286 2869 398 2934 omnia
422 2873 555 2947 tenens,
587 2869 637 2932 vel
668 2874 733 2946 est,
756 2869 813 2953 qui
837 2870 1026 2950 perseverat
1050 2865 1085 2928 in

74 2957 193 3038 propria
218 2957 383 3024 sententia
408 2959 581 3043 plusquam
606 2962 736 3040 oportet
745 2980 754 3040 ;
785 2959 869 3022 sicut
894 2957 999 3021 mollis
1024 2957 1086 3019 ml·

74 3059 127 3107 ssus
157 3067 258 3130 quam
292 3053 439 3132 oportet;
469 3054 502 3114 ct
532 3065 747 3132 perseverans
778 3049 960 3113 secundum
993 3045 1083 3131 quod

76 3139 199 3213 oportet.
