2608 4220
275 123 343 192 538
579 139 625 189 nx
649 139 916 192 surrnnmeuro

224 262 411 337 ⁴vertatur,
433 259 532 326 debet
555 277 689 328 manere
710 279 786 326 oum
811 259 928 344 prima,
951 261 979 329 si
1004 281 1074 330 nou
1099 265 1266 345 prima,et

250 349 358 433 aliqua
391 348 453 414 alia
476 351 711 427 convertatur,
734 354 840 432 potest
868 369 944 416 cum
979 351 1036 416 illo
1059 354 1263 419 contrahere.

252 437 341 516 ltem,
365 437 422 522 qui
445 442 616 522 postquam
640 457 742 504 unam
765 439 963 523 repudiavit,
988 444 1021 506 et
1047 442 1187 508 alteram
1211 443 1267 506 du·

250 528 321 605 xit,
344 527 371 592 si
394 531 630 607 convertatur,
653 533 785 594 tenetur
808 530 963 596 accedere
991 531 1034 599 ad
1064 530 1218 614 primam,
1239 531 1267 596 si

106 656 110 666 ·
250 617 392 684 voluerit
416 619 577 686 converti.

227 703 296 774 Art.
319 705 351 776 l.
373 705 422 774 Ao
455 708 552 791 fidelis
574 727 735 776 convertus
759 711 858 792 possit
884 727 1012 776 oaorem
1046 709 1200 793 ittfidclem
1227 711 1269 776 tlt·

225 799 368 866 ,mittere
390 799 541 866 uolentem
563 799 734 868 cohabitare
755 801 822 866 sice
844 801 1031 868 contumelio
1052 803 1213 866 creatoris.
1235 803 1266 884 rt.

249 887 311 973 Sic,
334 888 411 972 quia
435 892 483 954 est
506 889 705 955 adulterium
728 889 921 971 spirituale,
953 892 989 954 et
1012 888 1089 972 quia
1110 895 1162 956 eet
1185 909 1269 956 mor·

251 982 326 1042 tuus
350 977 454 1061 priori
477 979 566 1056 vitae,
590 983 622 1043 et
644 979 771 1044 sicuon
789 983 923 1046 tenetur
945 980 1085 1045 reddere
1108 979 1268 1059 debitum,

249 1067 301 1131 vel
325 1068 534 1146 cohabitare,
560 1067 635 1134 lieet
657 1069 692 1136 in
717 1067 826 1151 aliquo
857 1087 934 1134 casu
965 1068 1065 1153 possit
1094 1067 1129 1132 id
1153 1070 1267 1148 iacere,

248 1156 334 1223 sicut
355 1157 509 1223 secularis
532 1156 559 1223 sl
583 1159 639 1224 fiat
662 1157 852 1242 religiosus,
877 1177 945 1225 non
972 1161 1104 1223 tenetur
1128 1159 1171 1224 ad
1197 1163 1267 1224 vota

248 1248 331 1313 facta
354 1246 389 1318 in
411 1248 531 1316 sceno.

249 1335 261 1360 *
282 1335 402 1405 Servus
425 1355 605 1404 conversus
628 1356 696 1404 nun
720 1337 922 1406 liberatura
945 1336 1106 1404 servitute
1129 1337 1267 1414 domini,

248 1426 325 1511 quia
358 1428 429 1491 haec
462 1447 530 1492 non
562 1431 725 1512 repugnat
752 1427 946 1512 perfectioni
970 1425 1187 1506 Christianae,
1214 1429 1268 1492 sed

247 1517 302 1582 illa
327 1515 529 1584 matrimonii
550 1516 608 1596 sic,
631 1535 694 1584 nec
716 1536 801 1586 uxor
824 1519 922 1588 habet
937 1516 989 1586 ius
1007 1516 1043 1584 iu
1059 1533 1179 1600 corpus
1196 1516 1268 1595 viri,

247 1605 306 1690 qui
329 1607 545 1688 corporaliter
559 1609 608 1672 est
623 1609 833 1691 consepultus
845 1604 986 1676 Christo.
1010 1605 1102 1684 ltem,
1125 1606 1268 1672 servitus

249 1715 316 1762 non
340 1696 480 1780 impedit
502 1697 752 1768 matrimonium
767 1696 832 1764 nisi
845 1715 922 1763 cum
938 1700 987 1763 est
1002 1695 1166 1780 ignorata.
1178 1696 1268 1774 ltem,

246 1787 356 1868 proles
380 1787 542 1866 conversi,
565 1787 593 1854 si
616 1793 665 1852 est
686 1789 721 1854 in
747 1791 842 1856 aetate
858 1786 1002 1870 perlecta
1019 1785 1140 1870 poterit
1167 1785 1267 1852 libere

246 1876 360 1959 sequi,
385 1876 438 1940 vel
461 1880 605 1960 patrem,
640 1878 693 1942 vel
717 1881 874 1944 matrem:
897 1874 924 1942 si
950 1893 1018 1942 non
1041 1879 1091 1940 est
1112 1874 1150 1942 iu
1174 1879 1267 1944 aetatc

246 1966 400 2047 perlecta,
424 1971 472 2031 est
494 1967 605 2032 danda
630 1965 730 2032 fideli.

220 2053 293 2122 Art.
315 2053 348 2121 5.
371 2054 424 2121 Au
444 2056 543 2139 fidelis
565 2056 718 2122 discedam
737 2055 776 2122 at
797 2075 894 2123 uxore
917 2054 1036 2138 infideli
1055 2057 1155 2137 possit
1176 2056 1267 2122 ulium

245 2144 361 2212 ducere.
386 2147 422 2230 ri.
444 2145 478 2211 Si
501 2145 643 2212 infidelis
666 2147 740 2211 vult
763 2147 950 2214 cohabitare
972 2144 1045 2210 sine
1068 2147 1267 2212 contumelia

246 2235 412 2312 creatoris,
435 2234 511 2300 licet
534 2235 634 2319 possit
652 2238 694 2303 ab
710 2255 747 2300 ca
765 2235 945 2314 discedere,
963 2253 1032 2300 uon
1049 2238 1156 2317 potest
1171 2235 1266 2302 aliam

241 2324 388 2406 ducere;
411 2323 439 2388 si
461 2342 538 2390 cum
562 2325 761 2392 contumelia
783 2324 950 2402 creatoris,
970 2326 1077 2406 potest
1091 2324 1190 2392 aliam
1207 2326 1267 2392 du·

244 2431 330 2492 cere,
347 2411 425 2496 quia
440 2413 690 2482 matrimonium
706 2415 778 2480 sine
797 2413 958 2498 baptismo
981 2431 1050 2478 non
1074 2417 1124 2478 eet
1146 2418 1266 2492 ratum,

246 2503 281 2567 et
303 2507 409 2585 potest
424 2502 575 2582 dissolvi,
598 2508 631 2568 et
645 2504 834 2572 dissolvitur
850 2523 918 2570 non
937 2506 1071 2586 propter
1094 2509 1264 2586 peccatum

246 2591 402 2671 mulieris,
425 2594 483 2659 sed
507 2597 642 2679 propter
663 2613 803 2678 sequeus
827 2591 1087 2660 matrimonium.
1113 2591 1216 2672 ltem,
1238 2594 1265 2659 si

249 2682 301 2746 vir
324 2700 503 2748 conversus
525 2703 593 2752 nun
618 2685 717 2752 habet
739 2701 831 2767 spem
847 2681 1072 2749 conversionis
1088 2683 1213 2763 uxoris,
1228 2703 1264 2750 ea

244 2770 411 2854 requisita,
434 2776 472 2837 ut
494 2776 719 2852 eonvertatur,
743 2775 849 2856 potest
870 2789 978 2839 sacros
999 2770 1261 2850 ordines,etre-

242 2861 397 2944 ligionem
421 2860 561 2946 ingredi,
576 2866 609 2928 et
624 2863 700 2930 licet
715 2868 825 2946 postea
840 2882 925 2929 uxor
942 2864 1169 2940 eonvertatur,
1190 2881 1258 2930 non

243 2951 272 3015 ei
296 2951 484 3017 reddendus
508 2953 645 3020 maritus
667 2953 703 3018 in
728 2972 860 3037 poenam
895 2951 998 3018 tardae
1023 2950 1263 3019 conversionis.

218 3081 219 3086 κ
243 3039 335 3117 ltcm,
356 3040 385 3105 si
408 3040 494 3106 tilius
516 3046 748 3122 convertatur,
773 3042 924 3109 redditur
957 3040 988 3107 ei
1014 3042 1174 3124 possessio
1197 3045 1263 3108 ha-

243 3129 400 3210 reditatis,
424 3129 499 3196 licet
521 3133 603 3199 alius
626 3132 661 3198 in
677 3132 909 3216 possessiouem
928 3130 1077 3207 intravit,
1093 3130 1171 3214 quia
1189 3131 1262 3196 vin·

242 3221 355 3284 culum
378 3221 585 3303 paternitatis
609 3241 676 3286 non
699 3221 838 3288 solvitur
862 3240 921 3305 per
935 3221 1102 3304 disparem
1121 3220 1261 3303 cultum,

241 3309 326 3374 sicut
349 3310 607 3376 matrimonium.

220 3396 288 3464 Art.
314 3400 345 3464 6.
367 3397 417 3465 Aa
438 3401 502 3466 olio
523 3403 602 3466 vitiu
615 3401 737 3466 sulcant
763 3402 1002 3468 matrimonium.
1027 3401 1063 3483 d.
1086 3397 1181 3478 llon,
1203 3401 1259 3464 sed

244 3493 375 3553 taccitum
391 3489 563 3554 fornicatio
577 3491 764 3574 corporalis,
779 3496 812 3555 et
828 3490 1003 3557 infidelitas
1023 3489 1171 3554 reddunt
1187 3491 1261 3556 nul·

243 3579 312 3642 lum
336 3577 583 3645 matrimonium
596 3599 606 3660 ;
629 3580 686 3644 sed
709 3579 736 3644 si
758 3600 828 3647 non
852 3585 900 3646 est
923 3579 1141 3654 ratificatum,
1164 3579 1259 3644 solvi·

217 3703 220 3710 ·
243 3670 299 3734 tur
317 3667 489 3733 vinculum
511 3668 714 3744 matrimonii
737 3672 930 3739 remanente
946 3669 1050 3736 altero
1064 3667 1101 3734 in
1116 3666 1259 3736 intideli-
