2652 4198
272 112 329 186 90⁵
584 128 630 180 ex
654 97 768 182 enims
792 97 911 182 innan

246 301 432 370 numquam
454 283 609 364 totaliter,
632 284 711 370 quia
732 285 900 352 daemones
923 301 983 350 nos
1005 299 1136 368 semper
1162 284 1293 370 impu·

247 377 361 460 guent,
377 374 435 442 sed
450 373 572 442 dieitur
586 373 727 458 Angelus
741 373 911 442 dimittere
926 374 1121 461 custodiam,
1133 375 1293 459 quando

247 484 316 534 non
340 462 479 547 impedit
504 480 545 532 oe
568 466 666 533 homo
679 464 784 535 cedat
805 463 843 530 in
863 463 1105 544 tribulationes,
1125 465 1185 532 vel
1205 485 1294 550 pec·

246 556 327 622 csta.
342 553 433 636 ,item
455 553 595 640 Angelus
618 554 797 640 aliqnando
819 552 979 638 relinquit
1000 553 1176 624 honinem
1203 556 1290 625 loeo

244 645 303 712 ted
326 660 394 712 non
417 646 527 730 quoad
550 645 703 712 ellectum
733 645 905 724 custodiae,
936 642 1014 728 quia
1047 645 1187 730 quando
1233 650 1317 714 cet*

244 733 281 802 in
316 735 414 817 coelo,
449 735 616 820 cognoscit
645 733 726 818 quid
751 735 840 803 eirca
870 733 1041 803 hominem
1070 736 1216 819 agutur,
1248 739 1287 804 ct

243 826 355 892 sittim
379 829 501 910 praesto
522 827 580 892 eat..

222 911 292 984 Art.
317 915 348 984 7.
371 915 421 984 Aa
444 915 557 998 Acoeti
578 915 701 992 deuant
728 915 763 982 dc
791 916 880 984 raclio
910 933 1030 996 acron,
1064 933 1140 999 quos
1170 923 1289 986 cuuto·

244 1003 343 1076 unct.
367 1007 404 1090 li.
425 1005 508 1086 Non,
531 1005 610 1090 quia
633 1005 729 1072 beati.
755 1006 835 1072 ltem
859 1025 928 1072 non
952 1004 1138 1084 tristantur,
1157 1005 1212 1072 nil
1242 1009 1288 1075 lit

227 1097 360 1161 ‘eontra
391 1109 507 1162 eorum
530 1095 751 1174 volunlatem,
778 1096 856 1182 quia
881 1113 1012 1179 semper
1035 1094 1158 1164 volunt
1179 1098 1287 1182 quod

151 1225 155 1229 ›
245 1185 318 1250 volt
339 1183 454 1252 divina
470 1183 617 1270 iustitia,
641 1197 701 1268 per
723 1205 822 1270 quam
846 1184 958 1254 omnia
980 1187 1082 1264 liunt,
1114 1184 1168 1250 vel
1194 1203 1286 1270 per-

242 1276 442 1356 mittuntur3
466 1275 587 1342 nolunt
610 1278 721 1342 tamen
745 1275 894 1342 absolute
917 1279 1059 1357 peccata,
1077 1274 1129 1340 vel
1148 1291 1283 1358 poenas

243 1363 428 1442 hominum,
450 1365 508 1430 sed
531 1365 754 1448 metaphorice
776 1367 854 1432 sunt
877 1364 1036 1432 dolentes.

105 1503 110 1530 ,
221 1450 289 1521 Art.
312 1454 344 1520 8.
369 1454 419 1520 An
444 1456 526 1522 inter
548 1453 679 1539 duculos
701 1457 877 1539 pensitasse
897 1473 1004 1539 poeno
1030 1474 1082 1522 seo
1095 1453 1282 1524 discordia.

244 1547 278 1628 ri.
302 1542 364 1623 Sic,
388 1563 456 1611 non
480 1547 571 1630 quod
593 1547 736 1614 habeant
760 1547 946 1612 voluntates
969 1545 1162 1623 contrarias,
1188 1547 1282 1630 quia

156 1705 159 1707 ,
241 1650 356 1699 omnes
379 1633 498 1700 volunt
520 1635 609 1718 quod
638 1634 724 1700 Deus
748 1637 835 1714 vult,
859 1635 1095 1720 codonium,
1125 1633 1169 1700 de
1192 1636 1283 1719 qui-

242 1725 303 1790 hus
321 1723 431 1790 Deum
456 1725 649 1808 consulunt,
673 1729 753 1789 sunt
776 1725 974 1809 pugnnnlia;
1004 1743 1082 1792 nam
1111 1742 1201 1807 saepe
1229 1726 1280 1792 dc

161 1839 163 1844 ·
241 1814 415 1882 contrariis
438 1813 564 1881 meritis
586 1813 691 1880 Deum
715 1817 904 1894 consulunt,
922 1813 995 1882 ideo
1019 1813 1179 1880 dicuntur
1205 1833 1280 1899 pu·

240 1906 355 1989 guare
609 1971 612 1980 ,

590 1992 775 2077 QUAESllO
799 1994 902 2064 cxlv.

262 2177 353 2242 De
379 2175 717 2243 daemonum
742 2178 1220 2259 impugnatione·

216 2352 286 2425 Art.
311 2355 341 2424 l.
367 2355 573 2424 Antoninos
597 2357 815 2440 imponentur
843 2377 862 2424 o
891 2355 1084 2424 dumontlus.
1120 2356 1155 2440 il.
1192 2355 1272 2437 Sic,

238 2463 280 2513 ex
303 2445 444 2526 malitia,
474 2451 509 2513 et
535 2445 664 2512 invidio
693 2447 850 2514 nituntur
880 2445 1041 2530 impedire
1075 2445 1272 2529 proiectum

237 2539 422 2614 hominum,
447 2540 480 2604 et
495 2541 639 2620 propter
661 2538 851 2619 superbiam
876 2540 1038 2619 usurpant
1060 2535 1123 2602 sibi
1145 2535 1272 2604 simili·

237 2627 388 2692 tudinem
412 2625 535 2692 divinae
559 2627 726 2708 potestatis
749 2627 940 2710 deputando
955 2625 1175 2695 daemoniacos
1199 2628 1270 2694 mi-

236 2715 357 2782 nistros
380 2716 422 2782 ad
446 2712 733 2801 impugnationem
758 2718 941 2783 hominum.
974 2715 1055 2783 llum
1086 2717 1170 2784 ordo
1197 2715 1268 2784 im·

236 2807 448 2890 pugnationis
469 2811 521 2873 est
543 2827 562 2872 a
584 2805 667 2886 Deo,
691 2806 749 2891 qui
772 2808 879 2874 utitur
902 2806 1010 2886 unalis,
1036 2804 1267 2877 coordinatus

235 2896 277 2960 ud
301 2899 401 2963 bona.
997 2949 1011 2970 2

235 2984 407 3054 *Daemon
438 2990 476 3053 ut
497 2986 631 3054 inducit
659 2989 703 3053 ad
734 2988 939 3070 peccandum
970 3005 1039 3054 non
1070 2984 1265 3058 mittitura

233 3075 301 3142 Deo
325 3076 388 3143 nisi
412 3077 615 3161 permissive,
636 3078 695 3143 sed
709 3077 855 3144 mittitur
869 3099 890 3144 a
906 3077 973 3144 ileo
987 3076 1031 3144 ad
1047 3078 1264 3160 puniendum

235 3169 405 3233 tentando.
437 3167 517 3232 ltem
548 3186 661 3249 pugna
692 3172 740 3232 est
770 3168 920 3252 aequalis,
950 3166 1027 3250 quia
1057 3164 1093 3232 in
1122 3168 1263 3236 homine

233 3261 282 3322 est
305 3258 419 3339 gratia,
441 3259 477 3321 et
499 3255 639 3339 Angelus
662 3260 780 3324 eustos.
811 3258 891 3324 item
922 3261 1029 3326 tutum
1051 3254 1138 3326 usus
1166 3258 1262 3328 ordi·

234 3351 292 3413 nat
315 3349 358 3413 ad
381 3347 518 3432 gloriam
541 3345 750 3419 Sanctorum.

211 3436 278 3505 Art.
302 3437 333 3504 ἢ.
358 3436 406 3505 Aa
432 3444 548 3502 tentore
569 3439 613 3502 sit
636 3441 797 3520 proprium
824 3435 947 3506 detuli.
980 3437 1016 3520 ri.
1050 3434 1098 3504 ts
1131 3455 1259 3506 nocen-

233 3529 330 3606 dum,
366 3534 398 3594 et
433 3526 707 3610 praecipitandum
737 3529 771 3595 in
802 3535 972 3612 peceatum
1003 3529 1051 3592 est
1083 3527 1258 3612 proprium

234 3617 365 3684 dioboli.
396 3617 498 3684 Homo
528 3620 634 3682 tentat
664 3621 700 3682 ut
728 3619 825 3698 sciat,
855 3619 908 3683 vel
934 3619 1047 3700 juvet;
1077 3620 1102 3684 si
1128 3622 1166 3684 ut
1196 3639 1257 3685 no-

196 3715 200 3724 ’
232 3709 320 3787 oeat,
348 3714 399 3774 cst
429 3707 582 3776 minister
599 3706 736 3774 diaboli.
761 3709 794 3777 sl
819 3712 918 3776 lromo
940 3710 1047 3774 tentat
1069 3707 1193 3790 Deum,
1218 3715 1255 3778 ut
