2604 4210
279 137 351 240 too·
536 158 582 208 ux
607 159 774 216 secunus
798 159 975 216 sueonum

234 299 305 366 Art.
329 297 360 364 2.
385 295 437 362 Ao
459 297 562 363 nolimu
587 297 704 364 &eruti
726 299 761 364 in
788 297 880 366 Verbo
903 299 1080 380 evanuerit
1100 301 1228 366 omorio.
1254 299 1285 377 ri.

256 387 317 466 Sic,
343 384 464 463 omnia,
487 391 673 472 quaesunt,
697 389 844 464 luerunt,
867 391 900 452 et
922 392 1033 465 erunt,
1049 391 1083 452 ct
1106 407 1193 471 quae
1210 391 1284 454 sunl

257 474 458 559 inpotentia
481 479 651 554 creaturae,
675 477 752 560 quia
775 475 945 558 pertinent
960 477 1002 542 ad
1020 495 1119 543 suum
1147 481 1285 552 statum,

257 584 333 630 cum
356 565 399 630 sil
420 565 521 631 iudex
543 565 694 630 omnium
702 587 711 644 ;
733 567 791 632 sed
815 585 884 632 non
908 565 1036 644 omnia,
1071 583 1151 649 quae
1177 572 1285 649 potest

257 655 359 734 Deus,
383 653 460 738 quia
483 657 780 742 comprehenderet
815 655 998 738 potentiam
1032 653 1229 734 iuliuitam,
1258 661 1286 720 et

256 744 374 810 Deum.

257 835 272 866 *
295 833 401 900 Nescit
423 832 522 915 diem,
545 834 624 918 quia
648 852 716 899 non
740 833 817 901 lacit
839 832 930 900 scire.
955 832 1035 900 ltem
1057 832 1173 900 anima
1192 835 1285 900 Clari·

256 925 297 989 sti
320 923 382 987 scit
405 922 533 1001 omnia,
556 941 630 1007 quae
653 922 756 1002 Deus,
791 922 928 990 scientia
950 922 1101 1000 visionis,
1128 924 1192 989 sed
1222 943 1285 990 nou

256 1011 412 1095 simplicis
436 1011 672 1095 intelligentias.
696 1013 794 1091 ltem,
823 1016 855 1078 et
878 1012 933 1078 illa
955 1011 1041 1078 Deus
1062 1011 1125 1076 scit
1148 1013 1285 1080 elarius

236 1103 306 1169 Art.
330 1101 362 1169 3.
385 1099 434 1168 An
456 1104 561 1168 ccioao
586 1101 703 1168 Christi
725 1104 761 1168 in
787 1101 880 1170 Varla
902 1109 1063 1184 copooacot
1086 1103 1238 1185 infinita.
1255 1105 1285 1184 ri.

257 1191 328 1258 Non
353 1191 483 1256 inlinita
506 1195 592 1270 actu,
609 1191 686 1275 quia
710 1210 778 1258 nou
802 1192 945 1271 dantur;
967 1192 1025 1258 scd
1043 1210 1100 1273 per
1115 1193 1285 1276 cognitio·

258 1300 335 1347 uem
350 1279 507 1362 simplicis
518 1280 745 1364 intelligentie
761 1279 929 1364 cognoscit
943 1277 1086 1359 infinita,
1104 1299 1182 1364 quae
1200 1285 1284 1348 sunt

258 1371 296 1436 iu
320 1369 464 1454 potentia
487 1374 664 1448 creatura,
695 1369 772 1454 quia
796 1373 901 1453 potest
932 1369 1095 1435 redimere
1129 1369 1286 1438 infinitos

258 1458 416 1537 mundos;
434 1477 502 1524 non
518 1457 647 1524 ratione
662 1459 809 1526 materiae
825 1458 1044 1526 discurrendo
1060 1477 1119 1543 per
1136 1457 1284 1545 singula,

257 1549 314 1614 sed
337 1548 468 1627 lormae3
500 1553 610 1615 umen
635 1549 731 1631 plura
753 1548 815 1615 scit
837 1547 940 1630 Deus,
975 1547 1052 1632 quia
1082 1548 1179 1631 plura
1202 1553 1286 1616 sunt

258 1636 294 1703 in
317 1637 464 1720 potentia
487 1635 668 1722 nuquam
691 1638 726 1704 in
751 1637 899 1722 potentia
921 1640 1093 1716 creature,
1108 1641 1141 1702 et
1165 1635 1286 1706 inlini-

259 1731 341 1804 tum,
365 1725 417 1792 vel
438 1726 623 1793 secundum
645 1726 737 1812 quid,
761 1727 814 1794 vel
838 1724 1039 1810 simpliciter.

236 1814 303 1884 Art
327 1814 359 1882 l.
382 1813 431 1882 Aac
453 1817 558 1883 ocimo
575 1815 691 1883 Christi
705 1817 820 1882 elorico
834 1815 936 1882 videat
949 1815 1085 1884 diatonos
1107 1819 1301 1894 curulium

258 1924 349 1992 qaeu
367 1907 432 1974 clio
454 1913 605 1974 macera.
630 1908 666 1992 rt.
689 1905 752 1986 Sic,
775 1905 853 1993 quia
876 1904 1018 1974 vicinior
1040 1905 1164 1987 Verbo,
1189 1907 1301 2050 quodi

259 2000 311 2063 est
330 1997 403 2062 lons
418 1995 563 2062 luminis.

259 2083 381 2150 Licet
403 2085 550 2151 absolate
582 2085 766 2152 secundum
790 2083 850 2152 Dei
880 2082 1147 2170 onnipotcntiam
1179 2085 1301 2169 possit

258 2175 330 2241 dari
354 2173 470 2260 aliquis
491 2174 665 2242 sublimior
688 2176 821 2260 gradus.

633 2351 812 2437 cumulo
834 2352 886 2420 xl.

459 2537 550 2600 De
575 2535 835 2604 seientia
858 2533 1058 2602 infusa

517 2626 752 2690 animae
776 2625 1027 2691 Christi.

238 2799 306 2869 Art.
331 2800 362 2868 l.
386 2798 436 2868 Aa
460 2799 598 2868 dirutus
617 2820 673 2885 per
695 2803 773 2869 tan
807 2803 967 2870 scientum
1000 2802 1103 2870 omitto
1132 2801 1220 2868 utet.
1245 2801 1281 2883 li,

260 2890 390 2973 Omnia,
414 2895 551 2974 excepta
574 2890 690 2958 diviua
713 2891 862 2970 essentia,
887 2891 964 2975 quia
987 2894 1058 2957 erat
1073 2891 1218 2974 perlecta
1232 2909 1282 2954 sc-

260 2981 408 3047 cundum
432 2998 566 3046 omnem
596 2979 780 3065 potentiam
810 2982 991 3063 passivam,
1020 2987 1054 3044 el
1077 2981 1280 3056 naturalem,

259 3089 333 3155 quae
357 3069 490 3152 respicit
504 3090 603 3156 agens
620 3069 769 3138 naturale
775 3088 784 3149 ;
810 3075 843 3134 et
859 3069 1120 3146 obedientialem,
1133 3089 1209 3156 quae
1232 3089 1282 3134 rc·

258 3159 353 3242 spicit
378 3160 523 3242 primum
546 3179 660 3244 agens:
686 3161 822 3226 tandem
845 3179 904 3243 per
928 3162 1015 3227 hauc
1036 3157 1133 3224 scivit
1157 3159 1280 3236 omnia,

259 3269 332 3334 quae
356 3248 554 3316 naturaliter
574 3249 652 3316 sciri
684 3254 836 3332 possunt,
868 3253 901 3316 et
923 3269 1004 3334 quae.
1021 3268 1079 3333 per
1109 3249 1280 3316 revelatio·

261 3357 337 3404 uem
360 3338 522 3405 divinam.

257 3424 274 3458 *
297 3427 518 3511 doguusaeoat
540 3425 687 3511 Anpslos,
710 3427 788 3514 quia
811 3433 883 3497 crat
905 3429 1172 3512 comprehensor.
1203 3428 1278 3494 ltem

259 3518 370 3583 omnia
394 3514 572 3602 singularia
595 3518 781 3598 presentia,
806 3518 984 3602 praeterita,
1007 3522 1040 3586 ct
1065 3518 1189 3598 latura,
1204 3517 1278 3604 quia

259 3606 375 3674 habuit
398 3624 561 3674 summam
586 3607 808 3689 prudentiam,
834 3613 868 3674 et
890 3608 1078 3690 consilium.

238 3693 305 3763 Art.
323 3694 355 3761 2.
380 3693 430 3764 Aa
450 3713 506 3779 per
528 3696 606 3762 lonc
629 3699 885 3781 copowuilsinc
906 3700 1102 3768 accensione
1124 3698 1166 3768 ud
1186 3701 1277 3785 plca-
