2604 4210
273 115 339 185 388
527 127 572 184 nx
597 126 763 187 snourann
788 129 966 188 snounnn

250 269 267 301 *
290 271 401 337 Patres
424 269 530 337 saneti
553 270 595 338 ds
616 289 765 356 congruo
788 273 987 336 meruerunt
1012 268 1283 336 incarnationem

251 359 370 427 Christi
405 360 624 427 desiderando
648 362 680 426 at
704 361 865 446 petendo,
901 359 980 444 qnia
1004 377 1199 444 congruum
1225 361 1285 426 tuit

251 449 411 516 exaudiri.
447 448 527 515 item
550 469 619 516 non
642 469 741 516 omne
778 450 998 516 necessarium
1027 450 1069 513 ad
1101 450 1284 533 praemium

250 539 339 606 eadit
361 541 425 606 sub
445 538 575 618 merito,
598 543 636 604 ut
658 539 843 606 incarnatio
869 542 902 604 et
922 537 1038 623 gratia.
1056 537 1155 604 Basta
1185 539 1285 624 Virgo

250 628 372 695 meruit
388 649 429 696 ex
445 629 549 715 gratia
563 628 625 695 sibi
641 629 718 694 data
733 629 875 714 gradum
892 627 1058 712 puritatis,
1074 632 1112 693 ut
1127 647 1286 714 oongrue

251 722 359 804 posset
381 737 450 784 esse
472 721 578 783 mater
600 718 670 784 Dei.

229 807 298 876 Art.
322 807 375 876 12
401 806 452 874 Ao
471 809 579 912 pratia·
604 810 730 875 unionis
752 810 852 914 [uuit
878 807 998 875 uanus
1032 808 1151 874 tostas·
1185 815 1283 874 notu·

129 949 132 954 -
250 900 339 966 rotis
364 901 398 983 ιι.
422 897 532 964 Gratia
553 897 624 964 siva
646 898 797 977 unionis,
826 896 896 963 sive
919 896 1094 964 habitualis
1117 915 1194 962 non
1223 897 1287 961 tuit

252 991 383 1055 causata
406 1007 424 1051 a
448 985 619 1072 principiis
643 991 771 1054 naturae
794 989 967 1066 humanas,
990 989 1025 1051 ot
1046 984 1094 1052 sio
1116 1005 1191 1052 non
1221 987 1286 1051 fuit

253 1077 423 1155 naturalis,
446 1079 504 1143 sed
528 1081 566 1143 ut
589 1077 743 1159 provenit
766 1097 785 1144 a
809 1080 928 1143 natura
951 1035 1068 1141 t'iivina
1091 1073 1259 1141 curisti
1251 1095 1284 1139 ιιι

253 1172 406 1234 naturam
437 1168 618 1234 numanam
640 1166 708 1232 uici
732 1169 840 1250 posset
871 1165 1052 1232 maturatis
1073 1163 1099 1230 si
1123 1170 1285 1230 sumatur

253 1255 429 1334 naturalis,
460 1259 498 1322 ιιι
527 1255 694 1322 dieitura
727 1255 919 1334 nativitate,
955 1258 1097 1340 utraque
1130 1259 1185 1320 ost
1224 1273 1285 1320 na·

255 1346 383 1411 turaiis.

251 1431 267 1463 *
291 1433 375 1500 Unio
399 1452 467 1499 non
491 1434 539 1498 est
561 1433 646 1500 faota
669 1433 704 1500 in
730 1437 859 1512 natura,
882 1434 941 1499 sed
964 1437 1012 1498 ost
1034 1437 1167 1500 oaumta
1183 1455 1207 1500 a
1226 1453 1284 1498 na-

252 1526 328 1589 tura
350 1523 476 1602 divina
499 1526 533 1589 ot
555 1523 679 1590 dieitur
714 1523 883 1601 naturalis,
908 1526 945 1588 nt
967 1524 1052 1589 inest
1076 1521 1284 1592 humanitati

251 1632 471 1698 aprrnorpro.

613 1789 808 1888 *passuro
833 1791 870 1857 ιιι

472 1975 563 2038 Do
588 1973 768 2037 modo
792 1971 1038 2036 untoms

247 2079 322 2129 ex
343 2066 522 2143 parte
545 2077 850 2143 personae
876 2065 1270 2129 assumentis.

229 2237 297 2307 Art.
321 2239 352 2307 t.
374 2239 425 2307 Aa
444 2257 580 2325 persono
610 2238 721 2308 divim
748 2241 911 2307 couvaniot
943 2255 1092 2308 maumas
1125 2247 1278 2308 uotorum

251 2333 424 2399 tumorum.
448 2332 484 2416 ιι.
508 2329 575 2410 Sia,
611 2329 689 2413 qnia
720 2335 768 2396 est
801 2328 1021 2414 principium,
1048 2335 1083 2395 at
1110 2332 1277 2397 terminus

250 2420 350 2488 huius
371 2419 614 2504 assurnptionis,
638 2422 671 2484 et
693 2419 839 2487 aotiones
859 2424 939 2485 sunt
960 2420 1225 2504 suppositorum.

252 2511 263 2536 *
287 2509 323 2577 in
347 2513 408 2577 hoo
431 2528 500 2576 non
524 2509 694 2594 perfloitur
730 2527 870 2594 persona
893 2507 1008 2576 divina
1037 2527 1115 2577 euna
1138 2510 1183 2576 sit
1208 2509 1280 2576 inii·

253 2598 333 2680 nita,
356 2601 414 2667 sed
437 2600 636 2678 humanitas,
658 2599 705 2665 sie
727 2599 762 2666 in
787 2598 911 2666 unione
935 2617 994 2682 per
1017 2600 1158 2684 gratiam
1183 2598 1279 2685 perti·

253 2689 339 2754 citur
362 2692 476 2769 homo,
512 2709 579 2755 non
604 2689 700 2755 Deus.
732 2689 811 2756 item
837 2707 976 2773 persona
999 2689 1123 2756 dieitur
1148 2691 1277 2757 inoom·

252 2778 477 2858 munioabitis,
512 2779 591 2864 ¹quia
615 2795 682 2845 non
712 2779 883 2862 potestus
906 2778 1056 2861 pitnibus
1084 2779 1277 2862 praedicari,

253 2872 364 2933 tamen
388 2869 483 2952 plura
498 2869 540 2934 do
555 2868 611 2935 iiia
625 2873 762 2952 possunt
778 2867 962 2952 praedioari,
988 2872 1084 2936 otest
1100 2871 1276 2954 proprium

253 2975 401 3040 personae
423 2958 548 3024 divinas
572 2959 720 3042 pluribus
742 2956 1001 3024 substantialiter
1034 2958 1277 3026 communicari

253 3051 389 3131 proptor
426 3047 496 3114 oins
537 3048 746 3114 intinitatem.
786 3047 867 3113 Item
900 3047 1047 3113 humana
1085 3053 1211 3116 natura
1243 3048 1275 3113 in

254 3135 379 3203 unione
401 3137 571 3204 constituit
594 3157 769 3221 personam
792 3136 942 3203 divinam
967 3156 1036 3205 non
1062 3137 1275 3222 simplieiter,

253 3228 311 3292 sed
335 3227 369 3293 in
394 3246 462 3292 assa
484 3230 642 3293 humano.

231 3315 301 3383 Art.
325 3315 357 3384 ι.
383 3314 432 3383 Aa
455 3316 708 3384 dirimentem
731 3317 893 3384 conveniat
914 3333 1074 3384 asama
1091 3317 1127 3400 u.
1150 3317 1273 3386 Natura

252 3405 367 3474 divina
391 3410 441 3471 est
456 3404 658 3490 principium
674 3407 903 3490 assumptionis
919 3410 1103 3473 seeundum
1121 3408 1273 3490 seipsam,

252 3495 331 3577 qnia
354 3495 423 3561 eius
446 3495 571 3561 virtuto
592 3495 676 3561 taeta
698 3502 748 3562 est
769 3494 959 3580 assumptio,
982 3498 1040 3562 sed
1062 3515 1205 3581 persona
1224 3497 1273 3563 di·

253 3584 340 3650 uitur
363 3584 501 3668 proprie
517 3602 690 3665 assumere,
715 3590 752 3652 ιιι
774 3587 952 3670 assumptio
973 3587 1054 3654 dioit
1078 3587 1273 3654 terminum·

253 3674 312 3738 sed
334 3673 528 3738 secundario
551 3673 675 3739 dieitur
698 3679 818 3743 natura
847 3677 1022 3762 assumpsit
1045 3679 1200 3746 naturam
1225 3697 1269 3754 ra,

247 3759 343 3827 tione
365 3779 528 3845 parsonaa;
550 3761 598 3828 sio
618 3762 742 3830 dieitur
765 3763 948 3834 incarnata.
