2622 4210
441 131 518 182 mvl
542 128 688 180 THOMAE.

417 353 597 440 Quosne
625 353 700 420 mx.

218 509 221 516 ‚
342 540 434 606 De
460 485 779 618 injustitia.

38 713 99 786 Art.
124 717 156 786 l.
181 716 233 786 Au
258 719 414 800 trijuatitlu
434 720 481 784 u't·
497 718 609 784 uitium
629 716 767 799 speciale.
792 716 828 800 it.
847 713 887 780 Ut
902 714 985 782 dieit
1001 715 1082 781 inae·

56 807 253 888 qualitatem
282 810 326 877 ad
355 810 495 876 alterum
525 806 587 884 sie,
621 805 698 890 quia
731 805 911 890 opponitur
942 804 1081 889 justitiae

59 915 130 978 quae
155 902 208 964 eet
230 899 378 980 specialia
401 898 517 962 virtue

40 985 100 1052 Art.
124 987 158 1054 2.
184 986 234 1053 Au
257 989 369 1071 aliquia
392 987 513 1054 dicotur
536 989 670 1070 injustus
693 1004 731 1052 eu
761 1005 812 1066 eo,
840 987 912 1068 putu
934 987 1012 1069 feeit
1033 988 1082 1052 io·

56 1078 183 1155 iustum.
216 1079 253 1161 rt.
283 1078 352 1144 Non
383 1097 529 1160 semper,
560 1080 598 1142 ul
624 1076 758 1158 quando
783 1080 904 1158 praeter-
926 1075 1083 1141 intentio·

61 1185 135 1232 nem
161 1167 243 1232 lauit
265 1165 437 1250 injustum,
453 1185 522 1235 noo
538 1170 588 1230 est
603 1164 755 1247 injustus,
773 1165 835 1230 nisi
852 1165 1065 1232 materialiter
1071 1184 1082 1245 ;

59 1256 202 1322 secessi
226 1276 268 1320 ex
291 1257 486 1333 intentione,
511 1260 548 1320 et
568 1253 728 1320 electione
750 1255 828 1320 lacit
850 1254 1022 1336 iniustum.

46 1347 108 1412 Art.
133 1346 165 1413 3.
195 1344 244 1415 Au
266 1347 381 1430 eliquia
407 1347 476 1430 poti
504 1347 603 1428 pouit
630 1347 781 1426 injustum
809 1346 922 1410 uolens.
954 1345 989 1428 il.
1007 1343 1082 1426 ¹Per

62 1454 102 1512 se,
125 1440 160 1500 et
184 1437 367 1502 formaliter
391 1437 558 1520 loquendo
582 1453 665 1510 n0n;
690 1433 775 1500 sieut
797 1453 860 1499 nee
884 1438 990 1516 potest
1007 1435 1082 1518 quis

63 1525 166 1590 laeero
192 1526 353 1607 injustum
374 1528 508 1597 nolens,
538 1525 617 1608 quia
645 1529 727 1588 tune
749 1524 882 1606 proprie
905 1524 978 1606 quis
1001 1524 1083 1606 pati·

63 1619 132 1692 tur,
161 1616 300 1698 quando
322 1621 440 1682 eontra
463 1616 668 1680 voluntatem
692 1615 817 1697 patitur
841 1611 903 1680 nisi
929 1615 1082 1678 materia·

64 1701 147 1779 liter,
171 1709 206 1768 et
229 1724 288 1786 per
313 1706 476 1771 accidens.

47 1791 106 1859 Art.
131 1794 163 1860 ln
188 1792 238 1860 Au
264 1798 441 1878 quicumque
471 1796 550 1878 soeit
577 1797 743 1876 injustum,
774 1802 873 1876 peccet
898 1794 1081 1860 mortaliter.

65 1883 95 1963 ii.
118 1883 166 1948 lle
189 1903 312 1965 genere
334 1903 394 1950 suo
418 1889 466 1950 est
490 1885 637 1961 mortale,
661 1885 738 1966 quia
758 1889 874 1948 eontra
890 1884 996 1966 legem
1011 1883 1081 1961 Dei,

64 1978 108 2036 ust
131 1980 249 2038 eontra
271 1974 466 2041 charitatem
492 1994 551 2059 per
566 1994 610 2051 so,
627 1973 705 2058 quia
720 1977 769 2040 est
787 1992 863 2040 otim
881 1978 1082 2040 nocumento

11 2059 13 2150 l
65 2061 207 2130 alteriue.

12 2155 13 2160 ’
65 2169 73 2187 ·
94 2153 155 2235 Qui
179 2153 214 2219 in
240 2155 351 2236 parvis
374 2160 423 2220 est
445 2151 599 2237 injustus,
623 2160 691 2220 non
716 2159 829 2240 peeeat
853 2153 1047 2223 mortaliter.

432 2331 611 2418 Quaestio
635 2331 696 2398 LX.

377 2517 468 2580 De
495 2513 746 2596 judicio.

14 2749 15 2786 p
50 2689 105 2758 Art.
129 2692 158 2759 l.
182 2691 233 2760 Au
251 2693 403 2776 jndr'u'um
424 2696 572 2798 attactus
590 2697 733 2800 iustitio.
765 2698 800 2780 ri.
824 2695 892 2775 Sie,
921 2696 999 2802 quia
1021 2666 1082 2760 im·

14 2821 16 2906 l
67 2784 1082 2958 ltlltltttolttltlltltlnttllltlltaltit:

14 2957 16 3032 l
68 2963 101 3114 fle
134 2981 202 3064 quo
238 2981 305 3026 non
341 2963 530 3046 loquimur,
566 2964 624 3028 aed
660 2967 697 3027 ut
731 2970 780 3028 eat
815 2966 847 3030 in
885 2965 1085 3048 praesidente

51 3069 237 3208 &gennem
268 3143 311 3206 tit
334 3143 452 3208 licitum
477 3142 627 3223 judicare.
665 3145 700 3226 ri.
735 3144 876 3228 Quando
910 3151 959 3210 est
992 3149 1084 3210 aetus

63 3231 190 3310 justitiae
214 3230 270 3308 sie,
294 3231 321 3296 si
344 3233 409 3296 fiat
425 3233 609 3299 seeundum
632 3235 878 3314 authoritatem,
903 3241 937 3300 et
955 3238 1082 3301 reetam

68 3320 235 3425 rationem,
258 3337 352 3386 seeus
376 3326 459 3386 esset
482 3327 693 3406 usurpatum,
718 3329 751 3388 et
773 3323 1083 3409 temerarium,·vel

16 3449 18 3472 .
68 3427 289 3492 suspiciosum.
588 3433 592 3442 ·
1034 3429 1038 3436 ·

70 3501 77 3518 ¹
98 3499 157 3584 Qui
179 3502 260 3564 sunt
283 3499 318 3565 in
343 3500 484 3584 peeoatis
506 3501 674 3584 gravibus,
697 3506 730 3568 et
754 3503 907 3587 publicis,
932 3522 1000 3570 non
1023 3502 1082 3570 de·

71 3587 141 3654 bont
161 3586 321 3674 judicare
351 3590 386 3657 in
414 3589 575 3658 similibus
599 3593 651 3658 vel
676 3593 876 3664 minoribns:
898 3593 925 3660 si
949 3595 1082 3676 peecata

128 3679 201 3746 litui
229 3675 356 3747 Tlomo.
546 3727 548 3734 ,
950 3681 993 3750 17.
