2622 4210
400 159 402 164 ¹
437 151 514 204 nrm
538 150 685 204 recum.
973 134 1036 204 ttl

40 285 105 352 Art
129 286 164 354 5.
191 286 242 353 An
263 289 473 354 inconstantia
494 293 539 356 sit
557 291 668 372 cproicr
693 287 933 372 imprudentia..
949 290 984 372 rt.
1015 288 1085 370 Sic,
1125 375 1127 380 Ι

59 375 135 460 quia
160 381 213 443 est
235 377 392 444 desistere
414 399 433 445 a
456 379 585 446 meliori
608 382 714 459 bono;
738 381 772 443 et
794 381 843 442 est
865 377 1011 445 delectus
1033 400 1085 446 ra·

60 466 175 531 tioniS.

14 595 15 598 =
40 554 102 623 Art.
129 555 164 623 6.
190 554 241 623 An
261 558 406 640 modicia
426 561 506 626 nitio
528 562 672 626 oriontnr
695 578 734 624 occ
758 559 896 648 incutio.
925 560 960 642 rt.
987 558 1085 624 lieni·

13 681 14 696 ι
59 665 112 710 me
143 665 191 712 ex
220 667 272 725 ea,
306 650 384 733 qula
415 650 586 716 delectatio
618 650 763 716 maxima
786 648 893 713 estin
917 649 1085 729 venereis,

60 755 133 823 quoe
159 741 266 803 totam
289 739 434 804 animam
458 741 621 818 obsorbet,
645 744 679 804 et
701 737 886 819 corrumpit
901 737 1087 806 extimatio-

61 845 139 891 nem
165 827 366 912 prndentice,
388 832 423 895 et
445 829 611 914 extinguit
631 827 795 912 judicium
819 826 965 894 rationis.

422 1007 602 1092 QUAESTlO
631 1008 703 1078 tlv.

311 1191 402 1255 De
433 1191 819 1271 negligentia.

42 1369 105 1436 Art.
132 1370 164 1437 l.
189 1369 240 1436 An
261 1370 451 1453 negligentia
472 1374 517 1436 eit
535 1377 690 1454 porcetum
711 1370 849 1452 sportolo.
875 1373 911 1455 rt.
925 1371 988 1451 Sic,
1007 1373 1087 1457 quia

62 1465 109 1524 est
132 1460 281 1526 delectus
297 1461 417 1526 debite
432 1460 674 1540 sollicitudinis,
697 1467 731 1526 et
749 1459 930 1542 opponitur
946 1463 1088 1544 peccatis

63 1570 102 1614 ex
130 1553 342 1633 contemptu3
373 1550 457 1615 sicut
490 1550 675 1617 sollicitudo
706 1552 754 1616 oet
783 1549 932 1632 specialis
966 1551 1087 1633 virtus,

64 1642 157 1724 cujus
182 1639 321 1705 materia
342 1643 421 1705 sunt
443 1642 540 1719 bona,
564 1661 637 1726 quae
661 1641 748 1707 liunt
771 1639 958 1707 defectuosc
972 1661 1014 1706 ex
1030 1661 1107 1716 ne·v

66 1729 234 1814 gligentia.
1051 1779 1055 1784 -

46 1816 111 1886 Art.
133 1820 167 1886 2.
191 1817 243 1888 An
265 1821 455 1904 negligentia
475 1828 647 1904 opponatur
667 1819 848 1905 pedentim
873 1823 909 1905 ri.
932 1820 996 1900 Sic,
1011 1823 1089 1908 quia

64 1908 189 1976 directe
212 1910 393 1999 opponitur
414 1911 645 1991 sollicitudini,
676 1929 751 1995 quae
775 1909 920 1992 pertinet
943 1912 984 1976 ad
1009 1932 1089 1994 pru-

64 1997 223 2080 dentiam,
248 2008 281 2070 ct
303 2001 451 2066 consistit
474 2001 509 2067 in
534 2001 664 2067 delectu
687 1999 855 2065 interioris
878 2003 978 2078 actae,
1002 2001 1089 2068 siout

64 2088 195 2172 pigritia
229 2096 271 2159 ari
305 2091 543 2156 executionem.
579 2090 677 2176 itemw
697 2089 828 2155 omissio
863 2089 1007 2172 pertinet
1042 2093 1084 2157 ed

64 2184 176 2246 actum
200 2180 415 2258 exteriorem,
440 2184 474 2246 et
496 2185 546 2246 est
567 2182 703 2246 effectus
723 2178 950 2264 negligentiae,
974 2184 1008 2245 et
1031 2201 1088 2265 cp·

66 2270 203 2349 ponitur
222 2269 368 2355 justitiae,
392 2289 461 2336 non
483 2271 530 2336 sic
553 2268 763 2354 negligentia.

47 2355 109 2423 lrt.
146 2359 178 2426 3.
217 2361 265 2428 An
303 2360 493 2443 negligentia
527 2363 626 2443 poerit
660 2379 721 2425 csse
755 2367 910 2443 peccatum
947 2362 1087 2429 morteto.

14 2465 15 2468 ’
67 2449 100 2530 d.
124 2450 266 2532 Quando
289 2450 454 2518 omittitur
477 2449 616 2533 aliquid,
644 2451 735 2535 quod
758 2452 806 2514 est
829 2451 870 2515 de
895 2450 1088 2516 necessitate

14 2583 15 2586 ,
65 2539 194 2618 salutis,
217 2542 288 2606 sive
309 2539 352 2604 sit
374 2543 480 2618 actus,
504 2540 574 2604 sive
597 2538 859 2618 circumstantia,
889 2541 942 2604 vel
967 2540 1087 2606 volun-

66 2631 125 2705 tas,
140 2628 187 2694 ita
205 2628 386 2698 remittitur
409 2629 544 2695 circaea
567 2648 640 2712 quae
656 2629 715 2694 Dei
730 2631 820 2708 sunt,
843 2632 914 2693 uta
930 2629 1088 2694 charitate

14 2749 15 2752 ¹
66 2717 207 2798 deficiat,
231 2719 398 2804 praecipue
419 2720 447 2786 si
470 2739 510 2784 ex
534 2722 744 2803 contemptu3
768 2737 860 2783 secus
883 2723 931 2784 cst
948 2719 1087 2784 veniale.

67 2806 145 2872 ltem
170 2809 381 2895 negligentia,
405 2828 479 2895 quae
503 2807 625 2874 minuit
648 2810 813 2874 lervorem
837 2809 1017 2887 charitatis,
1033 2813 1089 2874 est

68 2901 238 2978 peccatum
267 2899 409 2966 veniale.
437 2899 518 2965 item
547 2917 658 2964 amare
687 2899 793 2964 Deum
823 2917 864 2963 ex
888 2897 1088 2983 negligentia

68 2988 173 3055 sulum
194 3009 307 3058 amore
329 2989 485 3070 naturali,
508 2992 556 3054 est
579 2992 751 3072 peccatum
774 2988 923 3055 mortale.

438 3167 616 3254 Qunsnc
641 3168 699 3239 nv.

62 3351 148 3418 De
172 3354 342 3420 vitiis
364 3305 665 3436 ‘oppositis
689 3351 1077 3435 prudentiae.

56 3529 115 3596 lrt.
138 3531 171 3599 l,
193 3529 427 3617 inprudentia
454 3535 557 3600 cornio
584 3535 628 3597 cit
651 3539 816 3616 pcocotnm.
847 3534 882 3616 rt.
912 3530 979 3607 Sic,
1011 3530 1089 3615 quia

75 3621 169 3688 habet
192 3623 278 3690 bona
301 3625 428 3703 carnis,
458 3627 495 3691 ut
517 3623 674 3690 ultimum
696 3624 814 3703 linem,
837 3639 928 3687 secus
951 3620 978 3686 si
1002 3639 1089 3700 non,

75 3709 147 3778 licet
170 3715 302 3780 ametur
323 3732 410 3781 caro.
