2652 4198
276 149 320 218 66
589 168 635 220 ex
660 166 772 222 earne
797 165 915 222 reare

237 259 564 282 ...Μ
915 260 1276 273 -Ἣ

578 410 756 498 QUAEsrto
780 409 920 482 LXXVil.

384 597 476 662 De
500 595 598 662 his
624 610 778 673 quae
803 595 1120 674 pertinent

188 749 191 752 .
229 683 306 752 acl
328 689 638 767 potentias
658 687 916 751 Animae
939 687 1000 749 in
1020 702 1273 764 genere.

227 863 296 932 Art.
322 864 351 933 i.
375 864 424 932 An
448 868 514 950 ipsa
536 867 665 933 essentia
689 868 798 932 optimo
820 865 863 929 sit
884 865 948 945 eins
960 867 1109 947 potentio.
1135 865 1170 950 ri.
1187 864 1271 944 Non,

249 957 325 1042 quia
360 957 524 1038 potentia,
560 961 593 1022 et
627 961 717 1024 aetus
747 953 882 1022 suntin
908 957 1023 1020 eodem
1048 974 1186 1041 genere,
1211 957 1273 1020 sed

249 1047 411 1130 operatio,
444 1066 476 1110 v.
507 1066 537 1130 g.
569 1045 683 1129 Angeli
715 1066 782 1112 non
814 1049 862 1110 est
892 1044 1031 1111 essentia
1053 1042 1182 1129 Angeli,
1208 1045 1273 1110 hoe

248 1135 338 1202 enim
369 1141 417 1202 est
444 1135 544 1202 solius
570 1136 645 1214 Dei;
671 1156 748 1220 ergo
773 1154 835 1202 nee
859 1133 1016 1213 hominis,
1049 1138 1112 1199 eto.
1134 1133 1192 1203 sed
1220 1139 1273 1199 est

245 1229 338 1292 aetus
360 1225 487 1309 primus
509 1225 665 1310 potentiae
689 1227 792 1289 iiiam
815 1222 975 1290 habentis.

225 1313 292 1382 Art.
317 1315 347 1380 2.
370 1313 419 1381 An
442 1317 509 1380 sint
526 1317 630 1398 plnres
650 1317 794 1398 potentie
817 1316 936 1381 enimn.
963 1315 998 1399 ri.
1018 1311 1080 1392 Sin,
1099 1313 1177 1398 quia
1194 1321 1273 1399 eget

246 1405 396 1490 pluribus
419 1404 573 1482 ‚motibus
607 1405 650 1472 ad
683 1423 780 1472 suurn
815 1407 932 1486 finem3
957 1406 1091 1489 ergoet
1115 1403 1273 1488 pluribus

246 1495 411 1578 potentiis.

222 1581 291 1651 Art.
316 1583 347 1652 3.
377 1583 425 1652 Ao
450 1588 593 1668 potentio
622 1586 856 1670 iistinpoontoo
883 1605 939 1672 per
967 1591 1051 1652 octos
1082 1591 1113 1651 et
1141 1583 1271 1669 objecto.

246 1676 282 1759 ri.
305 1674 367 1756 Sie,
391 1675 469 1758 quia
492 1677 673 1760 posteriora
696 1677 952 1762 distinguuntur
975 1695 1035 1759 per
1052 1676 1175 1758 priora,
1191 1697 1273 1760 quae

242 1768 357 1832 aretem
380 1769 458 1832 sunt
482 1787 541 1850 per
564 1765 727 1849 accidens²
751 1788 819 1834 non
844 1766 1054 1850 distinguunt
1077 1769 1187 1847 acius,
1213 1769 1271 1830 vel

222 1855 436 1938 potentiam,
460 1858 518 1924 sed
542 1857 762 1924 differentiam
786 1859 872 1942 ejus,
897 1857 987 1940 quod
1010 1874 1070 1940 per
1092 1875 1126 1921 se
1149 1857 1274 1940 poten-

240 1943 286 2009 tia
310 1945 452 2029 respicit.

218 2031 286 2102 Art.
311 2033 343 2102 lt.
367 2034 416 2102 An
440 2037 475 2102 io
494 2041 642 2120 potentiis
665 2039 774 2106 optimo
796 2039 840 2104 sit
861 2035 943 2104 ordo.
969 2037 1004 2122 ri.
1028 2035 1091 2116 Sic,
1112 2035 1166 2102 vel
1183 2037 1272 2106 ordo

239 2125 483 2206 dependentiae,
508 2131 541 2191 et
565 2128 784 2211 perfeetionin
809 2127 861 2195 vel
885 2123 1120 2212 generationis,
1143 2128 1198 2194 vel
1216 2149 1272 2198 ra·

240 2211 331 2278 tione
354 2215 571 2297 objectorum.
636 2281 640 2288 ,

216 2300 284 2370 Art.
308 2302 340 2370 5.
363 2303 412 2370 An
436 2322 537 2372 omnes
557 2308 702 2390 potentio
726 2309 836 2376 animo
865 2307 932 2374 sint
960 2308 995 2374 in
1025 2308 1130 2376 anima
1151 2307 1202 2374 oei
1229 2311 1268 2377 in

239 2391 381 2475 subiecto.
411 2396 446 2480 ri.
474 2393 544 2462 Non
568 2417 699 2478 omnes,
729 2419 807 2466 nam
830 2397 994 2484 organicae
1016 2401 1098 2464 sunt
1120 2397 1155 2464 in
1181 2417 1269 2466 con-

234 2485 367 2567 jnneto:
404 2504 464 2568 per
498 2487 590 2569 prius
622 2493 702 2554 sunt
737 2489 772 2556 in
807 2490 932 2568 anima,
958 2488 1054 2554 utin
1079 2487 1267 2572 principio,
1316 2515 1317 2520 ¹

237 2593 338 2658 quam
362 2573 397 2640 in
421 2577 610 2660 conjuncto.
720 2607 722 2614 >

214 2657 282 2730 Art.
311 2661 342 2730 6.
360 2663 422 2742 ,An
446 2669 590 2750 potentin
624 2670 733 2736 aroino
766 2669 868 2754 irioni
904 2667 940 2736 oi
975 2667 1104 2736 eseeottio
1138 2669 1268 2740 enimn.

239 2755 274 2836 ri.
297 2751 358 2832 Sin,
383 2755 460 2838 quia
483 2758 535 2822 vel
558 2763 638 2825 sunt
661 2759 695 2825 in
720 2761 848 2840 anima,
879 2765 916 2825 ut
946 2759 981 2826 in
1012 2760 1175 2843 subjecto,
1207 2764 1267 2828 vel

235 2843 272 2909 in
296 2846 486 2928 composito,
509 2849 599 2932 quod
621 2870 690 2916 non
714 2854 763 2916 est
786 2855 872 2927 actu,
896 2849 959 2916 nisi
983 2847 1111 2916 ratione
1126 2847 1267 2916 animae.

214 2930 281 3000 Art.
306 2933 336 3000 7.
360 2931 410 3001 Ao
432 2956 495 3004 naa
514 2942 654 3020 potentio
677 2942 787 3006 animo
810 2941 933 3006 orietur
956 2937 992 3006 oi
1015 2937 1089 3006 otio.
1122 2939 1169 3022 ri..
1188 2939 1267 3020 Sic,

235 3022 313 3107 quia
336 3029 427 3091 aetus
450 3025 550 3093 unius
572 3034 727 3098 causatur
750 3051 791 3096 ex
815 3029 887 3110 alia,
913 3034 950 3096 ut
970 3033 1061 3096 aetus
1078 3028 1268 3112 phantasiae

235 3131 387 3182 asensu.
570 3181 575 3190 ,

210 3197 278 3269 Art.
302 3202 334 3269 8.
357 3203 406 3270 An
429 3223 528 3274 omnes
549 3211 693 3292 potentio
718 3217 897 3278 remonooot
918 3213 954 3278 in
977 3211 1083 3278 opimo
1098 3228 1117 3274 o
1132 3227 1268 3293 corporo

232 3301 380 3376 soporato.
406 3297 440 3380 ri.
464 3298 544 3381 Quae
566 3302 646 3365 sunt
670 3300 705 3364 in
729 3300 932 3384 composito,
964 3307 1002 3366 ut
1029 3299 1065 3368 in
1092 3299 1266 3382 subjecto,

232 3403 302 3452 non
327 3392 502 3455 remanent
525 3389 560 3456 in
584 3388 706 3471 anima,
732 3391 796 3458 nisi
819 3390 1017 3458 virtualiter.
