2622 4210
288 79 356 180 alt
497 128 595 181 ..ux
618 127 787 184 saeuum
814 127 990 186 succuram

208 259 210 267 ’
266 272 449 352 stuporem,
495 270 528 332 et
573 267 813 333 hebetudinem
847 267 971 345 cordis,
1005 271 1039 332 el
1083 269 1292 336 obtusionem

263 377 392 437 seusus3
421 357 552 422 fatuitas
580 354 660 422 dicit
683 357 818 422 totalem
843 357 1066 440 privationem
1089 377 1207 424 seusus
1229 360 1293 444 spi·

266 447 410 512 ritualis:
433 446 593 530 sapientia
615 446 693 512 tacit
716 450 831 530 aptum
856 465 1055 531 cognoscere
1078 449 1249 514 altissima.

247 537 279 562 ''
302 535 503 621 iusipientia,
526 540 560 602 et
581 535 721 600 stultitia
743 542 822 602 suut
847 535 952 617 idem.
971 538 1030 602 s'cd
1053 541 1126 602 haec
1141 544 1191 604 est
1206 540 1296 604 circa

265 629 432 714 humana.
447 627 526 692 item
550 645 623 714 quae
647 625 828 710 opponitur
852 626 1024 709 sapientiae
1047 630 1223 707 humanae,
1247 635 1296 694 est

234 719 237 736 '
267 719 356 783 bona
378 716 530 782 stultitia:
556 719 593 779 ut
617 733 685 779 nou
708 735 824 798 sapere
846 721 985 798 propter
1007 716 1124 782 Deum.

245 805 313 874 Art.
336 806 368 873 2.
391 804 440 873 Aa
462 806 599 873 stultitia
621 807 664 870 sit
684 812 847 886 peccatam.
878 807 914 889 ll.
939 806 1101 874 Naturalis
1124 828 1215 887 nou,
1238 809 1295 874 ssu

268 917 341 982 quae
364 899 413 962 est
436 901 477 962 ex
500 914 611 960 amore
634 895 744 960 saeculi
766 895 823 973 sic,
848 896 926 980 quia
950 896 1139 963 voluntaria
1164 899 1202 965 iu
1218 918 1294 982 pro·

268 986 392 1052 hibitis.

233 1076 316 1142 Art.
340 1076 370 1143 3.
395 1075 444 1143 sta
465 1076 601 1142 stultitia
622 1076 666 1140 sit
685 1075 754 1160 lilia
778 1075 921 1142 latoria.
947 1076 982 1160 ri.
1007 1075 1148 1143 Maxime
1170 1081 1222 1144 est
1245 1099 1294 1158 ea,

267 1165 345 1257 quia
368 1165 403 1232 in
427 1185 466 1232 ea
489 1163 632 1232 maxime
656 1163 866 1248 immergitur
885 1165 1028 1249 animus,
1044 1171 1078 1232 et
1093 1167 1132 1234 nt
1147 1167 1293 1253 ineptus.

606 1343 785 1430 consuo
810 1343 924 1414 xuvu.

306 1530 397 1597 De
421 1526 751 1612 prudentia
776 1527 1118 1595 secundum
1142 1543 1233 1596 se.

245 1708 314 1778 Art.
339 1711 369 1776 l.
393 1707 443 1776 Aa
462 1707 627 1792 prudentia
649 1710 693 1774 sit
712 1709 749 1772 ia
770 1709 803 1773 ai
818 1710 1033 1791 copaoscitiaa,
1049 1709 1098 1774 uel
1111 1712 1293 1794 appetitiva.

269 1804 305 1885 ri.
329 1801 365 1867 ln
389 1798 619 1884 cognoscitiva,
644 1798 721 1882 quia
743 1800 792 1862 est
816 1799 931 1863 videre
954 1799 1076 1864 lutura.

238 1901 240 1906 ⁴
268 1890 283 1921 *
306 1890 393 1956 Licet
421 1907 513 1954 amor
543 1891 673 1953 moveat
700 1886 742 1951 ad
766 1891 875 1953 actum
899 1887 1104 1970 prudentiae,
1135 1893 1169 1953 et
1192 1891 1304 1956 iaciat*

263 1981 463 2047 discernere.
489 1977 568 2044 item
592 1976 706 2043 electio
730 1981 777 2041 est
801 1977 988 2061 prudeutiae
1011 1983 1270 2062 consequenter.
1303 1979 1304 1990 ’

242 2069 310 2139 Art.
334 2070 365 2137 2.
389 2067 438 2135 Aa
457 2067 623 2152 prudentio
643 2069 798 2151 pertineat
819 2067 857 2132 acl
878 2070 1030 2134 collocata
1045 2070 1229 2151 practicam,
1247 2071 1295 2136 ael

265 2161 489 2244 speculativam.
525 2159 560 2242 ri.
594 2156 642 2224 Ad
671 2157 865 2240 practicam,
902 2157 979 2241 quia
1008 2163 1057 2222 est
1086 2162 1176 2224 recta
1204 2161 1292 2226 ratio

266 2248 447 2334 agibilium.

244 2339 313 2408 Art.
336 2340 367 2407 3.
391 2337 441 2406 Aa
460 2336 626 2422 prudentia
648 2341 692 2404 sit
712 2339 917 2421 capaaacitiaa
935 2337 1152 2421 scapularum.
1171 2341 1209 2423 ri.
1225 2339 1290 2421 Sic,

264 2429 342 2516 quia
365 2428 507 2513 applicat
529 2427 729 2492 universalia
751 2429 793 2493 ad
816 2446 898 2512 opus
922 2428 1131 2511 particulare.

244 2523 314 2586 Art.
338 2519 370 2586 la.
394 2517 442 2585 Aa
462 2517 628 2603 pradaalio
654 2521 698 2582 sit
722 2520 832 2584 cirtae.
869 2519 903 2601 ri.
940 2518 992 2582 Est
1022 2517 1129 2582 virtus
1159 2519 1291 2585 intelle·

264 2609 380 2676 ctuaiis
403 2608 546 2685 moralis,
569 2608 647 2692 quia
670 2608 811 2690 applicat
826 2609 953 2672 bonum
968 2609 1031 2673 suh
1046 2606 1177 2674 ratione
1194 2611 1289 2674 boni.

242 2697 310 2767 Art.
334 2700 366 2766 5.
389 2697 438 2765 Aa
458 2697 624 2782 prudentia
645 2700 689 2762 sit
715 2699 816 2763 cirtae
849 2699 998 2779 specialia.
1034 2698 1069 2780 ri.
1104 2697 1174 2776 Sic,
1208 2699 1290 2782 quia

265 2791 366 2855 habet
389 2787 528 2872 speciale
550 2790 715 2872 objectum
739 2785 923 2852 formaliter
937 2789 979 2854 ab
994 2787 1065 2852 aliis
1079 2787 1288 2869 distinctum,

265 2879 300 2943 id
323 2883 382 2959 est,
407 2879 494 2945 circa
517 2875 756 2962 contingentia.

242 2967 310 3035 Art.
334 2968 366 3036 6.
389 2967 440 3035 Aa
460 2968 625 3052 praelectio
650 2969 826 3051 prostituat
849 2969 941 3051 picam
968 2965 1134 3034 virtutibus
1161 2970 1289 3035 morali·

266 3058 329 3125 lus.
355 3060 389 3142 ri.
413 3057 494 3136 Non,
517 3057 575 3122 sed
597 3057 743 3139 disponit
766 3057 808 3121 de
830 3057 891 3137 his,
915 3076 990 3141 quae
1012 3062 1091 3123 sunl
1113 3057 1156 3124 ad
1171 3060 1288 3124 linem.

243 3147 310 3215 Art.
335 3147 366 3213 7.
390 3144 439 3212 Aa
459 3145 631 3229 protentio
657 3149 701 3210 ait
726 3149 865 3213 iaacrrira
894 3146 1026 3215 madiam
1053 3149 1090 3212 ia
1118 3149 1289 3215 uirtutibus

267 3237 444 3304 moralitas.
473 3237 508 3320 ri.
531 3234 599 3315 Sic,
623 3236 700 3320 quia
723 3255 783 3320 per
806 3239 893 3302 hanc
915 3237 1168 3304 conformantur
1187 3244 1289 3304 rectae

267 3326 401 3394 rationi.

242 3415 311 3485 Art.
346 3417 378 3484 8.
413 3413 465 3481 Aa
496 3418 660 3499 precipere
695 3417 739 3481 eil
768 3418 952 3501 principalis
985 3423 1070 3484 actas
1103 3417 1287 3502 pallantea.

266 3510 301 3592 ri.
325 3507 394 3585 Sic,
424 3505 500 3592 quia
529 3510 577 3572 est
605 3505 824 3591 propinquior
855 3509 931 3587 fini,
955 3512 988 3574 et
1011 3506 1154 3592 applicat
1176 3511 1287 3576 media

265 3597 444 3662 adfinem.

245 3683 314 3752 Art.
337 3685 369 3753 9.
393 3685 442 3753 Aa
467 3685 626 3756 solicitata
652 3690 809 3772 pertineat
839 3687 877 3753 act
906 3688 1112 3773 praacrrtiam.
1148 3690 1186 3775 ri.
1220 3688 1284 3768 Sic,
