2604 4210
260 63 329 150 till
521 82 566 136 rx
590 81 757 138 secusne
780 71 976 138 snouuom'

239 219 255 249 *
277 219 406 292 Meum
435 241 518 305 opus
540 219 716 301 desiderat,
738 219 817 308 quia
851 225 933 288 tnnc
954 219 1081 306 primns
1110 219 1146 288 in
1170 239 1269 286 mer·

240 312 339 398 tyrio,
358 313 418 383 scd
439 310 543 391 addit,
559 315 689 396 oportet
704 311 1026 396 irreprehensibilem
1048 329 1129 390 esse,
1146 313 1181 375 et
1207 311 1270 375 de·

238 402 295 468 bet
318 420 386 468 esse
409 401 583 484 perlectus.

216 486 284 557 Art.
308 490 340 558 2.
364 489 413 558 Ao
437 491 753 575 ltceotEpiscopotum
768 493 942 557 tuirrootum
958 492 1084 557 omoioo
1106 508 1268 557 recusare.

238 581 276 664 ri.
297 579 380 660 Non,
403 581 481 676 tillir
498 588 552 648 est
573 581 857 660 inobedieotis,·at
875 580 1069 646 ‚inordinata
1093 581 1269 647 voluntas

238 665 254 696 *
277 668 348 737 lita
381 671 636 753 contemplativa
658 675 693 737 et
721 690 815 738 amor
838 669 896 734 Dei
923 674 973 735 est
1008 668 1133 751 potior,
1158 689 1269 753 quam

238 758 346 826 activa
369 762 402 823 et
424 778 517 825 amor
547 760 706 842 proximi3
729 762 787 826 sed
811 762 937 826 mosum
961 757 1187 825 multitudinis
1215 763 1269 823 est

238 848 485 931 praeterendum
502 851 589 915 bono
601 850 709 928 unius,
728 869 790 915 uec
805 848 980 932 Episcopus
995 847 1041 912 ita
1056 848 1269 914 transierim

238 938 281 1002 ad
316 936 476 1016 activam,
500 942 537 1004 ut
572 938 737 1024 relinquat
771 937 1078 1020 contemplativam,
1108 955 1207 1003 secus
1238 937 1267 1002 si

238 1027 338 1094 hahet
360 1027 636 1110 impedimentum
659 1029 702 1094 ad
737 1027 883 1095 officium
912 1045 982 1093 uon
1016 1026 1217 1092 removibile
1247 1047 1268 1092 a

234 1116 423 1199 superiore,
448 1122 528 1184 lunc
553 1138 619 1184 non
644 1123 777 1184 tenetur
812 1115 957 1184 obedire.
982 1116 1062 1181 ltem
1085 1115 1145 1200 qni
1163 1116 1267 1182 vovit

238 1223 306 1272 noo
330 1205 496 1290 suscipere
519 1206 724 1291 dignitatem,
740 1207 767 1273 si
790 1207 944 1274 intendat
966 1205 1065 1272 etism
1088 1205 1117 1271 si
1141 1205 1266 1289 praeci·

234 1293 348 1377 p'iatur
368 1317 389 1362 a
410 1296 592 1379 superiore,
616 1295 727 1362 illicite
750 1297 852 1363 vovit.

214 1379 282 1450 Art.
305 1383 338 1452 3.
358 1383 409 1452 Ao
437 1388 491 1468 poi
519 1389 685 1454 assumitur
712 1385 752 1452 od
779 1385 993 1470 Episcopum·
1025 1391 1167 1468 oportent
1199 1404 1264 1451 eure

236 1474 391 1545 meliorent
413 1477 538 1542 rosor.
565 1477 602 1558 ri.
624 1475 705 1555 Non,
727 1478 787 1542 sed
809 1477 980 1544 meliorem
1015 1493 1075 1558 pro
1105 1474 1263 1552 Ecclesia,

236 1563 294 1646 qni
317 1565 416 1648 possit
441 1565 613 1631 Ecclesiam
637 1565 811 1644 instruere,
835 1565 1023 1643 defendere,
1046 1563 1185 1647 pacidce
1199 1583 1264 1649 gu-

229 1653 389 1732 lseuoare.
412 1653 493 1722 ltem
515 1654 713 1722 ministratio
742 1654 889 1722 Ecclesiae
917 1671 987 1731 non
1022 1653 1122 1719 datm
1147 1653 1183 1719 in
1210 1671 1264 1718 re-

236 1741 501 1813 munerationem
526 1763 684 1826 pemonm,
707 1745 785 1829 qnia
809 1746 879 1809 hec
900 1743 966 1809 erit
999 1748 1071 1826 post
1101 1748 1260 1809 mortem.

236 1829 316 1904 lteus
340 1837 375 1900 in
398 1832 558 1900 electione
574 1854 642 1900 non
659 1835 758 1915 debet
772 1853 840 1900 esse
864 1832 1010 1916 acceptio
1026 1851 1261 1915 personarum.

233 1921 314 1990 ltem
337 1925 461 1991 electus
485 1943 553 1990 non
577 1925 676 1992 dehet
697 1943 733 1990 se
757 1923 925 1989 meliorem
955 1921 1026 1988 aliis
1050 1926 1185 2005 pulses,
1209 1941 1261 1986 es·

234 2013 284 2076 set
306 2012 396 2078 enim
421 2013 644 2097 praesumptio,
668 2013 824 2079 sedeatis
848 2016 905 2090 est,
931 2015 968 2077 ut
989 2011 1025 2077 iu
1049 2031 1084 2076 se
1108 2030 1178 2078 non
1204 2031 1260 2077 co·

234 2106 369 2182 gnoscat
398 2101 683 2184 impedimcntum.
707 2102 788 2168 ltem
823 2103 858 2168 in
887 2101 1039 2184 eligendo
1069 2100 1260 2168 attenditur

235 2187 416 2257 eminentia
439 2190 635 2269 dilectionis,
650 2192 708 2256 sed
733 2191 835 2274 magis
858 2189 1019 2257 idoneitas
1034 2191 1075 2256 ad
1092 2192 1258 2274 regimen.

211 2273 279 2345 Art.
303 2278 334 2346 l.
357 2276 407 2345 Aa
428 2280 592 2364 Episcopus
612 2283 710 2364 possit
732 2282 814 2348 licite
828 2281 1042 2366 Epismpotum
1065 2281 1256 2362 relinquere,

233 2375 271 2433 ut
290 2370 469 2451 religionem
493 2370 696 2455 ingredietur.
722 2371 756 2457 ri.
781 2369 936 2454 Quamdiu
961 2372 1066 2452 potest
1090 2371 1257 2453 prolicere

233 2457 373 2524 subditis
396 2460 438 2526 ad
459 2461 599 2528 salutem
614 2480 695 2540 non,
711 2459 788 2545 quis
801 2458 1146 2544 perpetuoobligatur,
1163 2459 1258 2542 quod

234 2566 303 2614 non
327 2547 426 2617 uene
449 2549 638 2636 relinquere
662 2569 725 2618 nec
748 2568 808 2634 pro
831 2549 941 2633 quiete
963 2565 1032 2614 suas
1047 2549 1256 2631 contempla·

234 2635 343 2716 tionis,
367 2657 429 2704 nec
453 2645 587 2722 propter
610 2640 747 2705 adversa
763 2638 930 2718 evitanda,
946 2638 1000 2703 vel
1023 2638 1115 2704 lucra
1138 2639 1257 2723 acqui·

232 2726 352 2795 reuda:
376 2728 434 2794 sed
454 2729 483 2802 si
508 2749 577 2798 non
600 2733 709 2812 potest
731 2729 891 2812 proicere
914 2727 951 2794 in
973 2725 1182 2812 Episcopatu,
1198 2725 1255 2793 uel

232 2815 361 2885 deiectu
383 2835 455 2896 suo,
478 2819 531 2884 vel
554 2818 705 2898 eliorum,
729 2819 771 2886 de
793 2815 926 2884 licentis
947 2816 1053 2902 Papae
1076 2820 1193 2900 potest

209 2901 278 2975 Art.
301 2905 332 2974 5.
355 2904 405 2976 Ao
428 2908 519 2974 lieret
538 2907 685 2992 Episcopo
705 2915 832 2993 propter
853 2907 986 2990 olipuom
1013 2908 1254 2990 persecutionem

231 2997 417 3080 corporalem
428 2997 560 3066 deserere
574 3017 695 3083 prepem
705 2997 765 3065 sili
775 3000 974 3065 commissum.
984 2998 1020 3082 ll.
1033 2995 1115 3062 dms
1127 2997 1256 3063 damsm

230 3085 343 3153 salutis
366 3087 472 3172 gregis
496 3108 563 3157 non
588 3089 677 3155 licet:
693 3089 753 3156 sed
774 3087 802 3154 si
824 3087 1028 3154 sutdcienter
1044 3086 1079 3152 in
1103 3086 1254 3154 amentia

230 3173 368 3258 pastoris
392 3195 451 3260 per
480 3178 580 3248 alium
604 3177 818 3261 providetur,
841 3176 918 3244 licet
941 3181 1077 3261 propter
1103 3194 1255 3242 commo·

230 3265 312 3338 dum
346 3265 509 3347 Ecclesia,
534 3268 587 3334 vel
615 3267 799 3350 periculum
829 3285 978 3350 persone
1011 3285 1095 3345 suae,
1119 3270 1154 3330 et
1183 3285 1254 3333 non

229 3357 364 3422 tenetur
387 3355 518 3440 ingredi
542 3356 747 3440 religionem.

206 3439 276 3515 Art.
298 3444 330 3512 s.
352 3443 402 3512 Ae
426 3447 517 3517 liceat
536 3446 683 3530 Episcopo
697 3445 816 3530 rupeis
830 3448 989 3530 poprium
1000 3444 1116 3512 lutere.
1135 3445 1170 3528 ri.
1186 3443 1253 3524 Sic,

228 3533 307 3689 fluis
337 3555 404 3607 non
429 3540 553 3606 vorent
587 3538 918 3620 perpessimum
951 3553 1073 3604 munus
1086 3532 1253 3619 Episcopi

253 3642 292 3691 oc
314 3623 466 3711 requirit.
