2614 4190
416 129 491 182 orvi
513 129 663 188 ancum.
953 113 1016 184 tssl

32 244 49 274 *
73 243 146 330 Qui
170 245 206 311 in
231 245 318 313 trina
341 246 552 312 immersione
573 247 610 313 io
633 248 779 334 qualibet
801 248 993 317 intenderet
1008 251 1065 317 ha·

31 336 169 420 ptizare
192 335 305 402 dicens
327 336 489 422 integram
513 336 676 421 formam,
710 343 818 405 essent
848 339 912 406 tria
941 340 1063 423 baptis-

32 430 142 492 mata.
1070 487 1075 492 .

8 515 80 584 Art.
103 515 137 584 9.
163 515 213 584 Ao
235 517 397 600 baptismus
417 520 515 600 possit
534 520 654 586 iterari.
679 520 716 603 ri.
738 519 826 597 Non,
850 519 928 603 quia
963 518 1063 585 unius

32 627 109 673 una
133 610 185 673 est
206 607 399 690 generatio:
423 611 457 672 et
479 610 648 674 character
670 612 719 674 est
740 608 937 675 indelebilis.

35 699 47 722 *
73 695 264 780 Baptismus
287 696 416 762 loannis
438 717 506 763 non
536 698 637 765 dabat
659 697 816 782 gratiam,
850 717 912 764 nco
948 702 1066 766 chara·

36 791 184 852 eterem.
199 785 411 870 Baptiaareio
429 786 530 853 dubio
544 789 607 854 sub
621 787 822 866 conditione,
839 807 908 854 non
931 794 980 854 est
1000 789 1065 855 rei·

35 881 163 944 terare.
176 876 254 942 item
271 876 473 942 Eucharistia
489 877 675 956 reiteratur,
692 897 760 944 non
777 877 968 960 baptismus,
986 878 1065 962 quia

38 969 145 1032 homo
169 967 267 1031 semel
293 967 449 1043 nascitur,
475 965 641 1033 multoties
663 971 773 1032 autem
796 967 937 1033 cibatur.

16 1054 88 1124 Art.
116 1055 171 1121 l0.
194 1054 244 1122 Ao
266 1057 359 1134 ritus,
382 1074 439 1140 quo
462 1059 564 1124 utitur
585 1055 723 1123 Ecclesia
745 1059 781 1122 io
805 1055 998 1140 baptizando,
1025 1060 1070 1124 sit

40 1147 239 1213 conveniens,
264 1146 299 1230 ri.
321 1144 384 1224 Sic,
407 1145 485 1229 quia
509 1144 647 1212 Ecclesia
669 1165 724 1212 cos
746 1145 918 1212 constituit
949 1166 990 1211 ex
1014 1147 1049 1212 in

38 1235 170 1301 stinctu
192 1233 332 1318 Spiritus
349 1236 454 1301 saocti
477 1237 520 1300 ad
543 1236 753 1302 excitandam
776 1235 1006 1318 devotionem,
1031 1181 1080 1302 e?

39 1324 182 1391 rudium
205 1323 469 1391 instructionem.

18 1414 87 1482 Art.
115 1413 170 1482 tl.
201 1412 253 1479 Ao
282 1417 494 1482 conuenienter
526 1414 736 1483 decutiantur
767 1417 829 1482 triu
863 1415 1064 1499 baptismata,

39 1524 149 1589 opum,
171 1506 334 1587 soopuiois
358 1512 390 1570 ct
409 1505 555 1588 Spiritus.
581 1507 616 1589 rt.
639 1505 709 1586 Sic,
737 1505 815 1591 quia
845 1506 895 1570 his
929 1507 1064 1572 contor-

43 1598 184 1660 ntaotur
207 1592 349 1676 passioni
372 1592 504 1674 Christi3
528 1598 562 1659 et
583 1596 650 1660 duo
673 1596 790 1662 ultima
817 1595 973 1678 supplent
997 1596 1066 1678 pri·

44 1702 161 1763 mum;
186 1702 254 1750 non
278 1686 389 1748 tamen
413 1687 492 1751 sunt
514 1690 735 1764 sacramenta;
770 1686 830 1749 sed
858 1685 1066 1751 conveniunt

44 1776 81 1840 in
106 1773 239 1852 ellectu,
262 1793 362 1858 quem
386 1773 469 1839 Deus
494 1777 599 1857 potest
645 1775 827 1859 producere
856 1773 928 1839 sinc
960 1793 1064 1840 sacra·

46 1867 174 1929 mento.

24 1953 91 2020 Ari.
118 1953 171 2019 ta.
195 1950 245 2018 Ao
268 1952 431 2036 baptismus
452 1955 615 2037 soopoa‘uis
636 1955 681 2020 sit
712 1955 847 2021 omnium
877 1955 1063 2036 potissimos.

48 2046 82 2127 ri.
107 2042 173 2122 Sic,
197 2042 274 2126 quia
284 2045 288 2054 ’
299 2042 387 2109 Deus
402 2043 438 2108 in
457 2063 496 2109 eo
512 2044 725 2112 excellentius
741 2047 896 2129 operatur
911 2042 1065 2110 ellectum

47 2152 107 2216 per
130 2131 240 2217 operis
262 2131 490 2199 imitationem.

390 2400 568 2488 QUAEsrlo
592 2401 704 2471 txvn.

30 2585 117 2649 De
141 2587 445 2650 ministris
470 2561 585 2666 per
609 2599 762 2664 quos
793 2584 1065 2652 traditur

150 2681 606 2741 sacramentum
629 2676 943 2758 Baptismi.

32 2849 94 2921 lrt.
119 2852 152 2920 l.
177 2852 227 2923 Ao
249 2853 289 2920 od
310 2854 443 2938 officinm
458 2851 580 2920 diaconi
591 2854 750 2936 portinent
762 2851 927 2936 baptizare.
945 2854 979 2937 rt.
996 2852 1066 2920 Non

51 2942 195 3028 proprie,
220 2943 284 3008 nisi
306 2943 341 3009 in
366 2942 569 3022 necessitate,
591 2943 649 3008 sed
672 2943 772 3008 debet
795 2942 983 3009 ministrare
1017 2962 1067 3008 sa·

52 3032 175 3099 cerdoti
200 3032 389 3116 baptizanti,
414 3031 613 3111 maioribus,
637 3034 671 3096 et
692 3032 904 3097 sacramentis
937 3031 1066 3099 Christi.

53 3123 260 3207 'Exponerc
285 3121 498 3206 Evangelium
521 3140 582 3206 per
605 3121 741 3187 modum
764 3122 946 3200 doctrinae,
961 3126 995 3188 et
1010 3124 1068 3188 do·

53 3213 155 3278 centis
178 3217 227 3278 est
249 3212 421 3298 Episcopi3
456 3231 516 3296 per
550 3212 686 3278 modum
717 3210 984 3290 cathechizantis,
1020 3212 1069 3278 est

52 3301 191 3369 diaconi.

36 3389 97 3460 Art.
121 3392 155 3460 2.
181 3393 233 3460 Ao
253 3393 409 3478 toptizora
435 3394 591 3486 pertimui
613 3391 653 3457 od
668 3393 804 3478 officium
820 3390 1016 3459 sacerdotum.
1034 3393 1072 3478 ri.

53 3478 111 3560 Sic,
136 3481 222 3548 sicut
244 3489 278 3549 et
300 3501 491 3550 consecrare
513 3501 642 3566 corpus.

57 3569 66 3592 ’
90 3571 249 3658 Episcopi,
273 3578 312 3639 ut
334 3571 474 3656 Apostoli
498 3591 558 3656 per
580 3591 615 3637 se
636 3573 766 3653 docent,
789 3589 849 3656 per
863 3570 943 3637 alios
964 3571 1070 3656 bapti·

59 3660 170 3744 lirant,
195 3663 272 3749 quia
296 3663 475 3749 baptismus
491 3667 540 3731 est
554 3661 739 3750 potissimus
754 3663 841 3731 iotcr
855 3667 1070 3743 sacramenta,
