2614 4190
261 76 328 149 lto
515 94 562 148 ux
586 91 755 150 saccum
779 91 962 148 scaurum

543 393 723 482 parsum
745 394 915 465 cxmvr.

315 581 407 646 Do
430 579 799 645 remissione
823 579 1164 645 venialium

519 674 937 750 peecatorum.

218 845 287 916 Art.
311 845 344 916 7.
366 844 416 913 Aa
436 851 589 928 armatam
626 846 745 913 acutule
769 848 869 931 pascit
902 847 1021 914 remitti
1057 847 1125 913 siaa
1146 846 1262 929 paeni·
1294 863 1295 866 ’

240 935 694 1021 eatta.1a.llon,quiaper
728 937 857 1003 veniale
895 937 994 1003 etiam
1028 935 1259 1002 deordinatur

240 1028 393 1093 voluntas
414 1045 434 1090 a
456 1025 546 1104 Dec,
569 1026 649 1092 dum
689 1025 905 1093 immoderate
941 1045 975 1090 se
1013 1025 1183 1093 convertit
1213 1026 1261 1091 ad

238 1121 421 1195 creaturam
444 1132 523 1199 ergo
545 1114 645 1181 debet
667 1116 819 1182 voluntas
842 1113 1008 1182 moderari
1043 1133 1104 1197 per
1135 1113 1260 1198 poeni·

240 1205 389 1272 mutiam.
411 1203 492 1270 Item
515 1222 585 1272 non
599 1204 721 1271 amicit
737 1205 911 1273 habitualis
926 1202 1147 1288 displicentia,
1164 1221 1257 1290 quae

238 1296 379 1362 babetur
402 1313 461 1378 per
483 1293 634 1360 habitum
657 1293 900 1374 charitatis,vel
918 1291 1153 1380 paenitentiae,
1172 1293 1258 1379 quia

236 1384 283 1450 sic
304 1383 446 1451 charitas
468 1383 658 1449 excluderet
679 1403 779 1450 amne
802 1384 941 1451 veniale.

239 1473 377 1540 ‘llomo
401 1476 507 1558 potest
529 1471 635 1538 vitare
668 1474 780 1540 omnia
809 1477 843 1541 et
870 1474 1000 1559 singula
1034 1470 1190 1538 mortalia
1221 1474 1257 1536 ct

238 1562 350 1630 omnia
372 1562 501 1647 singula
524 1561 676 1630 venialia.
700 1563 779 1628 item
802 1564 913 1630 fervor
936 1561 1103 1629 charitalis
1121 1563 1257 1628 virtua-

239 1653 314 1719 liter
326 1652 450 1719 claudit
461 1651 701 1735 displicentiam
714 1652 902 1721 venialium.
917 1651 1025 1719 Passio
1045 1671 1106 1735 pro
1121 1649 1257 1720 Christo

239 1747 386 1827 suscepta
410 1741 539 1810 obtinet
562 1741 629 1808 vim
653 1741 816 1825 baptismi,
839 1742 914 1809 ideo
939 1741 1056 1808 liberat
1078 1743 1121 1808 ab
1142 1740 1257 1808 omni·

238 1833 323 1910 bus,
347 1831 409 1898 nisi
432 1831 604 1897 actualiter
626 1832 779 1898 voluntas
801 1831 847 1898 eis
871 1833 1050 1898 inhaereat.

217 1919 287 1990 Art.
310 1921 342 1988 2
364 1919 414 1988 Aa
436 1920 475 1988 ad
496 1921 703 1988 remissionem
727 1921 894 1990 aeaialiam
922 1922 1101 2006 requiratur
1129 1921 1259 2003 arctim

240 2013 368 2096 iapuia.
393 2012 427 2096 ai.
452 2011 534 2089 Non,
557 2011 615 2076 sed
637 2011 759 2077 scilicit
774 2011 975 2092 motuseius,
991 2009 1044 2074 vel
1062 2010 1255 2089 charitatis3

238 2101 373 2185 quando
395 2099 587 2166 infunditur
610 2100 652 2166 de
676 2117 764 2166 noro
786 2099 893 2186 gratia
919 2101 1084 2167 tolluntur
1114 2103 1255 2183 peccata

238 2188 391 2268 venialia,
414 2189 492 2273 qaia
515 2208 585 2258 nan
606 2188 679 2254 sinc
694 2193 787 2258 motu
806 2189 902 2260 liberi
913 2186 1043 2258 arbitrii
1058 2187 1255 2256 infunditur

238 2278 275 2345 in
297 2279 428 2360 adultis,
451 2282 485 2345 et
507 2281 585 2348 actu
606 2278 781 2346 tolluntur.

216 2366 285 2437 Art.
308 2367 339 2436 3.
362 2367 412 2436 Aa
432 2368 569 2435 aeaiclic
603 2370 801 2436 remittantur
828 2388 885 2454 per
914 2372 1119 2454 aspersionem
1154 2387 1254 2452 aqam

239 2457 417 2539 benedictae,
440 2465 472 2525 et
491 2457 673 2527 huiuamodi.
697 2460 732 2544 at.
755 2458 818 2538 Sic,
842 2459 920 2544 quia
940 2460 1013 2526 sinc
1028 2461 1253 2537 sacramento,

238 2551 272 2615 el
295 2567 382 2616 nova
403 2548 568 2616 iniusione
591 2547 716 2632 gratiae
738 2549 911 2628 tolluntur,
953 2549 1011 2616 sod
1046 2549 1156 2616 solum
1188 2567 1253 2631 per

238 2640 349 2706 actum
372 2637 486 2724 gratiae
509 2637 662 2721 explicite
684 2638 738 2705 vel
761 2638 930 2723 implicite,
952 2659 1019 2725 quo
1044 2638 1117 2724 quis
1140 2636 1254 2704 iertur

238 2727 275 2794 in
297 2727 402 2796 Deum
425 2728 590 2794 detestans
613 2733 756 2810 peccata,
779 2732 817 2796 ut
840 2732 888 2795 cst
912 2728 1029 2808 oratio,
1055 2727 1251 2796 reverentia

238 2816 275 2884 in
298 2816 416 2898 Deum,
438 2821 473 2884 et
494 2817 537 2886 ad
559 2835 611 2884 res
633 2817 775 2897 divinas,
799 2822 832 2885 ct
852 2817 902 2886 sic
923 2817 1115 2903 episcopalis
1145 2818 1252 2884 bene·

238 2905 351 2988 dictio,
374 2925 460 2993 aqua
482 2907 667 2990 benedicta,
689 2912 724 2974 ct
746 2908 781 2974 id
803 2927 908 2993 genua
947 2906 1026 2989 alia,
1050 2905 1129 2992 quia
1153 2905 1254 2972 incli-

238 3000 322 3064 nant
344 2997 489 3064 animam
512 2998 554 3065 ad
577 3001 704 3065 motum
728 2997 961 3084 paenitentiae,
986 3000 1019 3063 et
1041 3017 1081 3066 cx
1104 3015 1139 3062 se
1169 3014 1252 3080 ape·

239 3089 359 3172 rantur
381 3087 424 3154 ad
446 3085 672 3156 remissionem
711 3086 914 3168 venialium,
953 3087 1017 3154 nisi
1054 3104 1150 3156 mens
1172 3089 1251 3152 actu

237 3175 402 3262 aliquibus
424 3175 595 3244 inhaereat
616 3177 726 3261 quoad
749 3178 898 3262 culpam,
920 3179 980 3246 sed
1013 3197 1083 3246 non
1117 3193 1250 3258 semper

236 3265 364 3334 tollitur
386 3270 475 3334 tatus
497 3268 617 3345 reatus,
639 3267 698 3334 sed
719 3268 904 3336 secundum
927 3268 1065 3335 modum
1091 3265 1245 3331 fervoris.

215 3352 284 3424 Art.
307 3353 339 3424 l.
362 3354 411 3424 Aa
433 3357 551 3424 aeaiale
571 3363 726 3439 peccatam
744 3359 843 3442 pascit
863 3358 984 3425 remitti
1006 3359 1074 3426 siae
1106 3356 1247 3423 morule

240 3446 276 3530 rt.
299 3446 381 3526 Non,
404 3446 483 3604 afflat
504 3445 687 3533 requiritur
710 3452 819 3516 matus
841 3447 976 3535 gratiae,
999 3467 1086 3534 quae
1109 3463 1179 3514 non
1200 3449 1248 3512 est

238 3553 316 3606 cum
339 3554 413 3604 mor
460 3555 482 3601 1.
