2622 4210
408 179 485 230 mvr
507 175 656 230 anonis.
940 141 1006 230 tit,

15 315 81 382 Art.
103 315 138 384 2.
161 312 211 382 Aa
234 317 388 382 contentio
410 318 455 380 sit
473 315 542 399 fitia
564 317 670 382 taonis
691 315 807 398 otorioe.
833 317 868 401 ιι.
889 315 951 396 Sic,
966 316 1052 382 sicut

33 411 65 470 ct
86 404 252 471 discordia
275 406 391 471 eodem
414 407 524 471 modo.
540 403 619 469 item
635 423 722 489 saepe
737 409 890 472 causatur
904 425 946 472 ex
962 405 1051 472 deie-

34 499 87 560 ctu
121 494 288 571 scientiae,
323 513 364 559 ex
392 512 459 579 qua
489 493 595 559 oritur
626 493 733 561 inanis
763 494 882 580 gioria,
904 494 989 565 sicut
1009 515 1052 563 ex

34 583 219 650 humilitate
241 583 405 667 superbia.

266 867 272 878 ·
358 761 536 848 onnsno
565 763 701 830 xxxix.

285 945 377 1010 De
408 945 772 1015 schismate.

17 1121 80 1189 Art.
102 1122 134 1190 i.
158 1120 210 1191 Aa
232 1121 366 1190 Schisma
388 1123 433 1188 sit
449 1131 605 1208 peccatam
632 1125 769 1208 spectate.
805 1122 840 1206 ιι.
869 1119 935 1202 Sic,
970 1122 1049 1206 quia

35 1217 161 1295 separat
183 1232 203 1278 a
225 1212 341 1296 capite,
363 1213 398 1278 id
421 1219 480 1293 est,
504 1215 600 1298 Papa,
623 1222 655 1280 et
679 1234 697 1280 a
722 1211 878 1278 memhris
901 1209 1049 1278 Ecclesiae

36 1321 101 1381 eos,
124 1303 184 1386 qui
209 1301 341 1387 propria
362 1308 480 1385 sponte
502 1307 632 1371 subesse
656 1304 776 1370 nolunt
801 1300 916 1384 capiti;
947 1302 1049 1368 etsie

37 1397 81 1456 est
101 1397 220 1457 contra
244 1391 447 1457 charitatem.

38 1479 242 1547 *Peccatum
265 1480 386 1546 dividit
408 1501 427 1547 a
449 1481 527 1563 Deo,
554 1484 612 1549 sed
635 1502 703 1549 non
726 1486 775 1548 cst
796 1481 948 1562 schisma,
971 1481 1049 1566 quia

38 1575 184 1652 peccator
208 1590 276 1637 non
300 1570 445 1636 intendit
468 1573 544 1654 hoc;
573 1573 620 1638 sic
642 1571 700 1657 qui
731 1592 799 1638 non
829 1570 943 1638 obedit
966 1588 1051 1654 prae-

39 1660 134 1742 ceptis
158 1659 323 1739 Eecioeiae,
352 1659 416 1725 nisi
445 1663 659 1742 pertinaciter
691 1663 752 1728 hoe
782 1661 945 1727 intendat.
970 1661 1051 1725 item

39 1749 171 1814 schisma
200 1753 233 1814 et
263 1748 394 1814 haeresis
422 1754 502 1814 sunt
530 1751 661 1817 diversa
691 1756 840 1833 peccata,
871 1750 948 1834 quia
979 1751 1052 1815 haec

41 1839 134 1904 hahet
158 1856 353 1922 perversum
368 1838 498 1924 dogma,
514 1839 597 1906 iliud
612 1838 744 1906 dividit.
760 1840 841 1905 item
862 1837 970 1906 omnis
986 1841 1053 1905 hae·

6 1945 7 1996 1
40 1929 154 1994 reticus
177 1932 228 1993 est
249 1927 467 2008 schimaticus,
492 1930 641 1995 sednon
666 1934 793 1995 contra.
817 1929 897 1994 item
920 1927 1051 1993 nultum

40 2021 80 2080 ost
99 2016 252 2096 schisma,
275 2019 365 2102 qnod
388 2035 456 2082 non
480 2017 542 2083 sihi
565 2018 709 2103 aliquam
732 2019 884 2090 haeresim
907 2017 1021 2100 tingat.

24 2104 78 2173 Art.
101 2106 134 2173 2.
157 2104 209 2173 Aa
229 2108 357 2174 aetiana
378 2109 558 2190 sitarchiae
569 2116 725 2191 peccatam
740 2107 930 2192 infidelitate
948 2109 983 2189 ιι.
1000 2105 1053 2172 Est
1070 2109 1072 2116 '

41 2196 166 2278 gravius
189 2197 377 2272 infidelitas,
400 2196 477 2280 quia
499 2202 549 2263 est
571 2203 687 2264 eontra
709 2197 818 2280 ipsum
834 2196 940 2262 Deum
956 2195 991 2261 in
1006 2214 1052 2273 se,

40 2285 172 2352 schisma
207 2291 322 2352 contra
357 2285 519 2352 unitatem
546 2285 712 2364 Ecclesiae,
739 2288 829 2370 quod
851 2289 901 2352 est
923 2284 1053 2366 minus,

10 2445 12 2463 ,
41 2393 132 2458 qnam
167 2373 269 2440 Dens:
304 2377 362 2441 sed
395 2393 435 2442 ex
462 2374 624 2442 accidenti
648 2380 754 2480 potest
776 2395 846 2442 esse
868 2377 993 2459 majus,
1014 2380 1054 2440 ut
1083 2430 1086 2438 „

40 2482 107 2530 cnm
131 2467 258 2549 majore
280 2468 486 2548 contemptu.

27 2551 78 2622 ht
101 2554 134 2623 3.
159 2557 211 2620 Aa
232 2557 419 2621 schismatici
441 2553 571 2621 habeant
591 2556 724 2638 aliquam
737 2561 922 2638 potestatem.
939 2556 974 2638 ι.
991 2551 1053 2621 Ha·

43 2645 113 2710 hent
137 2642 279 2724 ordinis,
302 2646 360 2710 sed
383 2663 452 2710 non
474 2658 573 2712 usum
608 2647 693 2728 ejus,
724 2647 782 2710 sed
806 2646 930 2712 nuliam
951 2644 1053 2728 juris·

44 2733 228 2800 dictionem.

15 2817 79 2890 tri.
112 2824 145 2894 la.
183 2823 236 2911 Aa
273 2827 485 2892 convenienter
521 2826 707 2892 schismatici
743 2827 1051 2895 excommunicentur.

47 2913 72 2992 i.
93 2913 162 2994 Sic,
185 2914 383 2996 praesertim,
406 2915 483 2999 quia
507 2920 645 2997 peceant
666 2935 700 2980 se
721 2915 905 2998 separando
928 2917 970 2981 ah
993 2915 1053 2980 Ec·

45 2986 141 3082 etesia,
164 3007 203 3067 nt
217 3022 251 3068 se
273 3004 453 3070 emendent
467 3005 567 3070 etiam
583 3003 769 3107 puniuntur
792 3007 928 3071 brachio
949 3023 1053 3072 saecu·

45 3088 106 3158 lari.
132 3053 254 3158 'item
244 3112 279 3158 an
302 3094 501 3162 nemssitate
528 3093 604 3160 ticet
631 3092 786 3178 accipere
807 3093 1053 3214 Baptismoma
1085 3159 1089 3168 ,

46 3182 251 3250 schismatico.

22 3449 24 3534 t
