<?xml version="1.0" encoding="UTF-8"?>
<!DOCTYPE html PUBLIC "-//W3C//DTD XHTML 1.0 Transitional//EN"
    "http://www.w3.org/TR/xhtml1/DTD/xhtml1-transitional.dtd">
<html xmlns="http://www.w3.org/1999/xhtml" xml:lang="en" lang="en">
 <head>
  <title>
</title>
<meta http-equiv="Content-Type" content="text/html;charset=utf-8" />
  <meta name='ocr-system' content='tesseract 3.04.00' />
  <meta name='ocr-capabilities' content='ocr_page ocr_carea ocr_par ocr_line ocrx_word'/>
</head>
<body>
  <div class='ocr_page' id='page_1' title='image "./theologicsummco00thomgoog_0170.png"; bbox 0 0 2632 4212; ppageno 0'>
   <div class='ocr_carea' id='block_1_1' title="bbox 424 182 1020 251">
    <p class='ocr_par' dir='ltr' id='par_1_1' title="bbox 424 182 1020 251">
     <span class='ocr_line' id='line_1_1' title="bbox 424 182 1020 251; baseline 0.012 -7"><span class='ocrx_word' id='word_1_1' title='bbox 424 195 498 246; x_wconf 80' lang='lat' dir='ltr'><strong>mvi</strong></span> <span class='ocrx_word' id='word_1_2' title='bbox 522 195 667 246; x_wconf 67' lang='lat' dir='ltr'><strong>rnonn.</strong></span> <span class='ocrx_word' id='word_1_3' title='bbox 955 182 1020 251; x_wconf 75' lang='grc'><strong>159</strong></span> 
     </span>
    </p>
   </div>
   <div class='ocr_carea' id='block_1_2' title="bbox 36 295 1063 416">
    <p class='ocr_par' dir='ltr' id='par_1_2' title="bbox 36 295 1063 416">
     <span class='ocr_line' id='line_1_2' title="bbox 36 295 1063 416; baseline 0.009 -23"><span class='ocrx_word' id='word_1_4' title='bbox 36 295 226 396; x_wconf 66' lang='lat' dir='ltr'><strong>armatura.</strong></span> <span class='ocrx_word' id='word_1_5' title='bbox 252 331 288 414; x_wconf 72' lang='lat' dir='ltr'><strong>ii.</strong></span> <span class='ocrx_word' id='word_1_6' title='bbox 310 327 346 396; x_wconf 88' lang='lat' dir='ltr'><strong>Si</strong></span> <span class='ocrx_word' id='word_1_7' title='bbox 368 335 418 398; x_wconf 85' lang='lat' dir='ltr'><strong>eet</strong></span> <span class='ocrx_word' id='word_1_8' title='bbox 441 332 637 416; x_wconf 87' lang='lat' dir='ltr'><strong>praevisum,</strong></span> <span class='ocrx_word' id='word_1_9' title='bbox 666 333 719 399; x_wconf 88' lang='lat' dir='ltr'><strong>vai</strong></span> <span class='ocrx_word' id='word_1_10' title='bbox 749 331 919 400; x_wconf 85' lang='lat' dir='ltr'><strong>intentum</strong></span> <span class='ocrx_word' id='word_1_11' title='bbox 949 333 985 402; x_wconf 93' lang='lat' dir='ltr'><strong>in</strong></span> <span class='ocrx_word' id='word_1_12' title='bbox 1013 355 1063 415; x_wconf 87' lang='lat' dir='ltr'><strong>se,</strong></span> 
     </span>
    </p>
   </div>
   <div class='ocr_carea' id='block_1_3' title="bbox 18 417 1067 1852">
    <p class='ocr_par' dir='ltr' id='par_1_3' title="bbox 36 417 1065 685">
     <span class='ocr_line' id='line_1_3' title="bbox 37 417 1065 510; baseline 0.01 -30"><span class='ocrx_word' id='word_1_13' title='bbox 37 418 90 481; x_wconf 87' lang='lat' dir='ltr'><strong>vei</strong></span> <span class='ocrx_word' id='word_1_14' title='bbox 115 417 153 484; x_wconf 92' lang='lat' dir='ltr'><strong>in</strong></span> <span class='ocrx_word' id='word_1_15' title='bbox 180 437 294 500; x_wconf 85' lang='lat' dir='ltr'><strong>eausa,</strong></span> <span class='ocrx_word' id='word_1_16' title='bbox 317 421 381 488; x_wconf 86' lang='lat' dir='ltr'><strong>sio:</strong></span> <span class='ocrx_word' id='word_1_17' title='bbox 403 421 431 488; x_wconf 88' lang='lat' dir='ltr'><strong>si</strong></span> <span class='ocrx_word' id='word_1_18' title='bbox 455 424 534 506; x_wconf 87' lang='lat' dir='ltr'><strong>pute</strong></span> <span class='ocrx_word' id='word_1_19' title='bbox 557 422 701 500; x_wconf 82' lang='lat' dir='ltr'><strong>causale,</strong></span> <span class='ocrx_word' id='word_1_20' title='bbox 726 426 759 487; x_wconf 87' lang='lat' dir='ltr'><strong>et</strong></span> <span class='ocrx_word' id='word_1_21' title='bbox 782 441 851 489; x_wconf 92' lang='lat' dir='ltr'><strong>non</strong></span> <span class='ocrx_word' id='word_1_22' title='bbox 875 423 938 490; x_wconf 83' lang='lat' dir='ltr'><strong>fuit</strong></span> <span class='ocrx_word' id='word_1_23' title='bbox 961 424 1065 510; x_wconf 76' lang='lat' dir='ltr'><strong>negli-</strong></span> 
     </span>
     <span class='ocr_line' id='line_1_4' title="bbox 36 506 1064 598; baseline 0.011 -27"><span class='ocrx_word' id='word_1_24' title='bbox 36 506 252 592; x_wconf 80' lang='lat' dir='ltr'><strong>nagiigentia,</strong></span> <span class='ocrx_word' id='word_1_25' title='bbox 274 527 344 577; x_wconf 93' lang='lat' dir='ltr'><strong>non</strong></span> <span class='ocrx_word' id='word_1_26' title='bbox 368 513 503 598; x_wconf 87' lang='lat' dir='ltr'><strong>quando</strong></span> <span class='ocrx_word' id='word_1_27' title='bbox 526 515 575 577; x_wconf 85' lang='lat' dir='ltr'><strong>est</strong></span> <span class='ocrx_word' id='word_1_28' title='bbox 598 511 788 596; x_wconf 84' lang='lat' dir='ltr'><strong>praevisum,</strong></span> <span class='ocrx_word' id='word_1_29' title='bbox 810 515 845 578; x_wconf 85' lang='lat' dir='ltr'><strong>oi</strong></span> <span class='ocrx_word' id='word_1_30' title='bbox 860 531 929 582; x_wconf 91' lang='lat' dir='ltr'><strong>non</strong></span> <span class='ocrx_word' id='word_1_31' title='bbox 954 513 1064 582; x_wconf 82' lang='lat' dir='ltr'><strong>inten-</strong></span> 
     </span>
     <span class='ocr_line' id='line_1_5' title="bbox 37 599 1015 685; baseline 0.014 -25"><span class='ocrx_word' id='word_1_32' title='bbox 37 599 120 673; x_wconf 87' lang='lat' dir='ltr'><strong>tum,</strong></span> <span class='ocrx_word' id='word_1_33' title='bbox 145 603 307 682; x_wconf 75' lang='lat' dir='ltr'><strong>aggravat</strong></span> <span class='ocrx_word' id='word_1_34' title='bbox 329 599 504 668; x_wconf 72' lang='lat' dir='ltr'><strong>indirecte.</strong></span> <span class='ocrx_word' id='word_1_35' title='bbox 938 674 954 685; x_wconf 76' lang='grc'>,</span> <span class='ocrx_word' id='word_1_36' title='bbox 1012 623 1015 630; x_wconf 92' lang='grc'><strong><em>·</em></strong></span> 
     </span>
    </p>

    <p class='ocr_par' dir='ltr' id='par_1_4' title="bbox 19 684 1066 1313">
     <span class='ocr_line' id='line_1_6' title="bbox 19 684 1065 778; baseline 0.011 -28"><span class='ocrx_word' id='word_1_37' title='bbox 19 685 85 752; x_wconf 80' lang='lat' dir='ltr'><strong>Art.</strong></span> <span class='ocrx_word' id='word_1_38' title='bbox 108 684 143 752; x_wconf 82' lang='grc'><strong>9.</strong></span> <span class='ocrx_word' id='word_1_39' title='bbox 168 685 217 754; x_wconf 79' lang='lat' dir='ltr'><strong>Aa</strong></span> <span class='ocrx_word' id='word_1_40' title='bbox 237 697 394 773; x_wconf 67' lang='lat' dir='ltr'><strong>moratam</strong></span> <span class='ocrx_word' id='word_1_41' title='bbox 415 694 461 758; x_wconf 82' lang='lat' dir='ltr'><strong>sit</strong></span> <span class='ocrx_word' id='word_1_42' title='bbox 479 693 605 776; x_wconf 67' lang='lat' dir='ltr'><strong>orosius</strong></span> <span class='ocrx_word' id='word_1_43' title='bbox 619 693 743 758; x_wconf 80' lang='lat' dir='ltr'><strong>rationo</strong></span> <span class='ocrx_word' id='word_1_44' title='bbox 755 709 903 776; x_wconf 78' lang='lat' dir='ltr'><strong>persone,</strong></span> <span class='ocrx_word' id='word_1_45' title='bbox 923 694 959 759; x_wconf 82' lang='lat' dir='ltr'><strong>io</strong></span> <span class='ocrx_word' id='word_1_46' title='bbox 976 708 1065 778; x_wconf 81' lang='lat' dir='ltr'><strong>quom</strong></span> 
     </span>
     <span class='ocr_line' id='line_1_7' title="bbox 38 779 1066 874; baseline 0.009 -33"><span class='ocrx_word' id='word_1_47' title='bbox 38 782 194 859; x_wconf 67' lang='lat' dir='ltr'><strong>necatas.</strong></span> <span class='ocrx_word' id='word_1_48' title='bbox 223 779 258 863; x_wconf 67' lang='lat' dir='ltr'><strong>ii.</strong></span> <span class='ocrx_word' id='word_1_49' title='bbox 293 779 362 858; x_wconf 85' lang='lat' dir='ltr'><strong>Sia,</strong></span> <span class='ocrx_word' id='word_1_50' title='bbox 389 781 466 865; x_wconf 89' lang='lat' dir='ltr'><strong>quia</strong></span> <span class='ocrx_word' id='word_1_51' title='bbox 494 780 566 846; x_wconf 80' lang='lat' dir='ltr'><strong>talis</strong></span> <span class='ocrx_word' id='word_1_52' title='bbox 589 799 730 864; x_wconf 69' lang='lat' dir='ltr'><strong>pomona</strong></span> <span class='ocrx_word' id='word_1_53' title='bbox 753 785 802 848; x_wconf 86' lang='lat' dir='ltr'><strong>est</strong></span> <span class='ocrx_word' id='word_1_54' title='bbox 823 783 1066 874; x_wconf 71' lang='lat' dir='ltr'><strong>quodammodo</strong></span> 
     </span>
     <span class='ocr_line' id='line_1_8' title="bbox 37 867 1066 956; baseline 0.008 -26"><span class='ocrx_word' id='word_1_55' title='bbox 37 867 225 949; x_wconf 67' lang='lat' dir='ltr'><strong>obiectum</strong></span> <span class='ocrx_word' id='word_1_56' title='bbox 249 872 283 933; x_wconf 86' lang='lat' dir='ltr'><strong>et</strong></span> <span class='ocrx_word' id='word_1_57' title='bbox 305 886 515 956; x_wconf 85' lang='lat' dir='ltr'><strong>quaeeunque</strong></span> <span class='ocrx_word' id='word_1_58' title='bbox 536 869 684 937; x_wconf 80' lang='lat' dir='ltr'><strong>conditio</strong></span> <span class='ocrx_word' id='word_1_59' title='bbox 707 889 867 954; x_wconf 80' lang='lat' dir='ltr'><strong>personae,</strong></span> <span class='ocrx_word' id='word_1_60' title='bbox 891 872 944 936; x_wconf 88' lang='lat' dir='ltr'><strong>vel</strong></span> <span class='ocrx_word' id='word_1_61' title='bbox 959 875 1009 937; x_wconf 87' lang='lat' dir='ltr'><strong>est</strong></span> <span class='ocrx_word' id='word_1_62' title='bbox 1024 889 1066 938; x_wconf 87' lang='lat' dir='ltr'><strong>ex</strong></span> 
     </span>
     <span class='ocr_line' id='line_1_9' title="bbox 38 953 1064 1040; baseline 0.007 -21"><span class='ocrx_word' id='word_1_63' title='bbox 38 957 133 1038; x_wconf 81' lang='lat' dir='ltr'><strong>parte</strong></span> <span class='ocrx_word' id='word_1_64' title='bbox 157 953 234 1035; x_wconf 85' lang='lat' dir='ltr'><strong>Dei,</strong></span> <span class='ocrx_word' id='word_1_65' title='bbox 258 959 297 1022; x_wconf 87' lang='lat' dir='ltr'><strong>ut</strong></span> <span class='ocrx_word' id='word_1_66' title='bbox 319 957 347 1024; x_wconf 88' lang='lat' dir='ltr'><strong>si</strong></span> <span class='ocrx_word' id='word_1_67' title='bbox 369 959 411 1024; x_wconf 90' lang='lat' dir='ltr'><strong>sit</strong></span> <span class='ocrx_word' id='word_1_68' title='bbox 433 959 605 1040; x_wconf 67' lang='lat' dir='ltr'><strong>sacratim</strong></span> <span class='ocrx_word' id='word_1_69' title='bbox 635 960 689 1025; x_wconf 91' lang='lat' dir='ltr'><strong>vel</strong></span> <span class='ocrx_word' id='word_1_70' title='bbox 718 963 767 1026; x_wconf 84' lang='lat' dir='ltr'><strong>est</strong></span> <span class='ocrx_word' id='word_1_71' title='bbox 789 979 831 1026; x_wconf 83' lang='lat' dir='ltr'><strong>ex</strong></span> <span class='ocrx_word' id='word_1_72' title='bbox 854 960 983 1030; x_wconf 83' lang='lat' dir='ltr'><strong>ratione</strong></span> <span class='ocrx_word' id='word_1_73' title='bbox 1003 960 1064 1040; x_wconf 85' lang='lat' dir='ltr'><strong>sui,</strong></span> 
     </span>
     <span class='ocr_line' id='line_1_10' title="bbox 38 1042 1066 1132; baseline 0.006 -23"><span class='ocrx_word' id='word_1_74' title='bbox 38 1046 76 1109; x_wconf 88' lang='lat' dir='ltr'><strong>ut</strong></span> <span class='ocrx_word' id='word_1_75' title='bbox 99 1042 126 1109; x_wconf 91' lang='lat' dir='ltr'><strong>si</strong></span> <span class='ocrx_word' id='word_1_76' title='bbox 150 1045 215 1111; x_wconf 89' lang='lat' dir='ltr'><strong>sibi</strong></span> <span class='ocrx_word' id='word_1_77' title='bbox 238 1046 281 1112; x_wconf 86' lang='lat' dir='ltr'><strong>sii</strong></span> <span class='ocrx_word' id='word_1_78' title='bbox 302 1050 482 1132; x_wconf 76' lang='lat' dir='ltr'><strong>coniuncta</strong></span> <span class='ocrx_word' id='word_1_79' title='bbox 510 1049 544 1116; x_wconf 87' lang='lat' dir='ltr'><strong>in</strong></span> <span class='ocrx_word' id='word_1_80' title='bbox 569 1051 698 1128; x_wconf 90' lang='lat' dir='ltr'><strong>natura,</strong></span> <span class='ocrx_word' id='word_1_81' title='bbox 726 1049 780 1115; x_wconf 89' lang='lat' dir='ltr'><strong>vel</strong></span> <span class='ocrx_word' id='word_1_82' title='bbox 807 1049 985 1131; x_wconf 83' lang='lat' dir='ltr'><strong>benefioio;</strong></span> <span class='ocrx_word' id='word_1_83' title='bbox 1011 1051 1066 1116; x_wconf 89' lang='lat' dir='ltr'><strong>vei</strong></span> 
     </span>
     <span class='ocr_line' id='line_1_11' title="bbox 37 1136 1066 1224; baseline 0.007 -27"><span class='ocrx_word' id='word_1_84' title='bbox 37 1153 79 1198; x_wconf 84' lang='lat' dir='ltr'><strong>ex</strong></span> <span class='ocrx_word' id='word_1_85' title='bbox 102 1137 200 1218; x_wconf 85' lang='lat' dir='ltr'><strong>parte</strong></span> <span class='ocrx_word' id='word_1_86' title='bbox 230 1136 391 1219; x_wconf 83' lang='lat' dir='ltr'><strong>proximi,</strong></span> <span class='ocrx_word' id='word_1_87' title='bbox 422 1156 498 1204; x_wconf 88' lang='lat' dir='ltr'><strong>eum</strong></span> <span class='ocrx_word' id='word_1_88' title='bbox 527 1141 699 1222; x_wconf 82' lang='lat' dir='ltr'><strong>peecatum</strong></span> <span class='ocrx_word' id='word_1_89' title='bbox 724 1137 1066 1224; x_wconf 60' lang='lat' dir='ltr'><strong>presentantes</strong></span> 
     </span>
     <span class='ocr_line' id='line_1_12' title="bbox 38 1223 923 1313; baseline 0.01 -26"><span class='ocrx_word' id='word_1_90' title='bbox 38 1223 86 1288; x_wconf 85' lang='lat' dir='ltr'><strong>sie</strong></span> <span class='ocrx_word' id='word_1_91' title='bbox 108 1227 284 1307; x_wconf 77' lang='lat' dir='ltr'><strong>peecatum</strong></span> <span class='ocrx_word' id='word_1_92' title='bbox 309 1226 344 1294; x_wconf 91' lang='lat' dir='ltr'><strong>in</strong></span> <span class='ocrx_word' id='word_1_93' title='bbox 370 1225 489 1312; x_wconf 79' lang='lat' dir='ltr'><strong>Regem</strong></span> <span class='ocrx_word' id='word_1_94' title='bbox 512 1231 561 1294; x_wconf 86' lang='lat' dir='ltr'><strong>ast</strong></span> <span class='ocrx_word' id='word_1_95' title='bbox 584 1228 728 1313; x_wconf 79' lang='lat' dir='ltr'><strong>gravius.</strong></span> <span class='ocrx_word' id='word_1_96' title='bbox 919 1247 923 1254; x_wconf 90' lang='grc'><em>·</em></span> 
     </span>
    </p>

    <p class='ocr_par' dir='ltr' id='par_1_5' title="bbox 18 1311 1067 1852">
     <span class='ocr_line' id='line_1_13' title="bbox 18 1311 1064 1402; baseline 0.006 -22"><span class='ocrx_word' id='word_1_97' title='bbox 18 1311 83 1380; x_wconf 74' lang='lat' dir='ltr'><strong>Art.</strong></span> <span class='ocrx_word' id='word_1_98' title='bbox 108 1313 167 1382; x_wconf 73' lang='lat'><strong>1⁰.</strong></span> <span class='ocrx_word' id='word_1_99' title='bbox 189 1312 241 1382; x_wconf 81' lang='lat' dir='ltr'><strong>Aa</strong></span> <span class='ocrx_word' id='word_1_100' title='bbox 262 1317 441 1400; x_wconf 70' lang='lat' dir='ltr'><strong>maoaitado</strong></span> <span class='ocrx_word' id='word_1_101' title='bbox 463 1335 600 1402; x_wconf 77' lang='lat' dir='ltr'><strong>persone</strong></span> <span class='ocrx_word' id='word_1_102' title='bbox 620 1319 775 1402; x_wconf 64' lang='lat' dir='ltr'><strong>marnatis</strong></span> <span class='ocrx_word' id='word_1_103' title='bbox 797 1324 945 1402; x_wconf 59' lang='lat' dir='ltr'><strong>wmaoet</strong></span> <span class='ocrx_word' id='word_1_104' title='bbox 961 1335 1064 1402; x_wconf 74' lang='lat' dir='ltr'><strong>paeco-</strong></span> 
     </span>
     <span class='ocr_line' id='line_1_14' title="bbox 42 1402 1067 1494; baseline 0.008 -26"><span class='ocrx_word' id='word_1_105' title='bbox 42 1409 114 1471; x_wconf 82' lang='lat' dir='ltr'><strong>tam.</strong></span> <span class='ocrx_word' id='word_1_106' title='bbox 141 1405 179 1488; x_wconf 65' lang='lat' dir='ltr'><strong>ai.</strong></span> <span class='ocrx_word' id='word_1_107' title='bbox 201 1402 265 1484; x_wconf 90' lang='lat' dir='ltr'><strong>Sie,</strong></span> <span class='ocrx_word' id='word_1_108' title='bbox 288 1406 332 1471; x_wconf 85' lang='lat' dir='ltr'><strong>ob</strong></span> <span class='ocrx_word' id='word_1_109' title='bbox 354 1405 647 1494; x_wconf 76' lang='lat' dir='ltr'><strong>ingratitudinem,</strong></span> <span class='ocrx_word' id='word_1_110' title='bbox 674 1407 752 1493; x_wconf 83' lang='lat' dir='ltr'><strong>quia</strong></span> <span class='ocrx_word' id='word_1_111' title='bbox 774 1412 976 1491; x_wconf 79' lang='lat' dir='ltr'><strong>acceperunt</strong></span> <span class='ocrx_word' id='word_1_112' title='bbox 998 1425 1067 1476; x_wconf 82' lang='lat' dir='ltr'><strong>nia·</strong></span> 
     </span>
     <span class='ocr_line' id='line_1_15' title="bbox 36 1493 1031 1581; baseline 0.005 -24"><span class='ocrx_word' id='word_1_113' title='bbox 36 1495 111 1574; x_wconf 84' lang='lat' dir='ltr'><strong>jora</strong></span> <span class='ocrx_word' id='word_1_114' title='bbox 133 1493 308 1574; x_wconf 75' lang='lat' dir='ltr'><strong>beneficia,</strong></span> <span class='ocrx_word' id='word_1_115' title='bbox 331 1497 365 1560; x_wconf 85' lang='lat' dir='ltr'><strong>at</strong></span> <span class='ocrx_word' id='word_1_116' title='bbox 388 1499 525 1581; x_wconf 86' lang='lat' dir='ltr'><strong>propter</strong></span> <span class='ocrx_word' id='word_1_117' title='bbox 547 1498 749 1581; x_wconf 86' lang='lat' dir='ltr'><strong>exemplum,</strong></span> <span class='ocrx_word' id='word_1_118' title='bbox 772 1499 806 1561; x_wconf 90' lang='lat' dir='ltr'><strong>et</strong></span> <span class='ocrx_word' id='word_1_119' title='bbox 827 1496 1031 1564; x_wconf 78' lang='lat' dir='ltr'><strong>scandalum.</strong></span> 
     </span>
     <span class='ocr_line' id='line_1_16' title="bbox 39 1579 1065 1670; baseline 0.006 -23"><span class='ocrx_word' id='word_1_120' title='bbox 39 1579 54 1608; x_wconf 82' lang='lat'>*</span> <span class='ocrx_word' id='word_1_121' title='bbox 75 1580 255 1649; x_wconf 82' lang='lat' dir='ltr'><strong>Paeonium</strong></span> <span class='ocrx_word' id='word_1_122' title='bbox 278 1601 320 1649; x_wconf 83' lang='lat' dir='ltr'><strong>ex</strong></span> <span class='ocrx_word' id='word_1_123' title='bbox 342 1585 569 1670; x_wconf 80' lang='lat' dir='ltr'><strong>subreptione,</strong></span> <span class='ocrx_word' id='word_1_124' title='bbox 592 1590 627 1652; x_wconf 86' lang='lat' dir='ltr'><strong>et</strong></span> <span class='ocrx_word' id='word_1_125' title='bbox 650 1585 845 1653; x_wconf 78' lang='lat' dir='ltr'><strong>infirmitate</strong></span> <span class='ocrx_word' id='word_1_126' title='bbox 860 1589 989 1652; x_wconf 73' lang='lat' dir='ltr'><strong>natura</strong></span> <span class='ocrx_word' id='word_1_127' title='bbox 1004 1583 1065 1653; x_wconf 91' lang='lat' dir='ltr'><strong>mi·</strong></span> 
     </span>
     <span class='ocr_line' id='line_1_17' title="bbox 41 1672 1065 1760; baseline 0.006 -23"><span class='ocrx_word' id='word_1_128' title='bbox 41 1689 101 1737; x_wconf 85' lang='lat' dir='ltr'><strong>nus</strong></span> <span class='ocrx_word' id='word_1_129' title='bbox 136 1672 325 1756; x_wconf 86' lang='lat' dir='ltr'><strong>imputatur</strong></span> <span class='ocrx_word' id='word_1_130' title='bbox 358 1674 470 1760; x_wconf 86' lang='lat' dir='ltr'><strong>honis,</strong></span> <span class='ocrx_word' id='word_1_131' title='bbox 504 1676 583 1760; x_wconf 89' lang='lat' dir='ltr'><strong>quia</strong></span> <span class='ocrx_word' id='word_1_132' title='bbox 612 1695 690 1742; x_wconf 87' lang='lat' dir='ltr'><strong>eum</strong></span> <span class='ocrx_word' id='word_1_133' title='bbox 713 1675 813 1742; x_wconf 87' lang='lat' dir='ltr'><strong>vitari</strong></span> <span class='ocrx_word' id='word_1_134' title='bbox 835 1675 973 1741; x_wconf 88' lang='lat' dir='ltr'><strong>omnino</strong></span> <span class='ocrx_word' id='word_1_135' title='bbox 996 1695 1065 1743; x_wconf 90' lang='lat' dir='ltr'><strong>non</strong></span> 
     </span>
     <span class='ocr_line' id='line_1_18' title="bbox 41 1759 1004 1852; baseline -0.001 -24"><span class='ocrx_word' id='word_1_136' title='bbox 41 1759 151 1844; x_wconf 82' lang='lat' dir='ltr'><strong>possit,</strong></span> <span class='ocrx_word' id='word_1_137' title='bbox 175 1760 384 1833; x_wconf 84' lang='lat' dir='ltr'><strong>ium&#39;a&#39;tntim</strong></span> <span class='ocrx_word' id='word_1_138' title='bbox 407 1763 608 1850; x_wconf 83' lang='lat' dir='ltr'><strong>reprimunt,</strong></span> <span class='ocrx_word' id='word_1_139' title='bbox 631 1769 665 1831; x_wconf 88' lang='lat' dir='ltr'><strong>et</strong></span> <span class='ocrx_word' id='word_1_140' title='bbox 687 1765 799 1832; x_wconf 86' lang='lat' dir='ltr'><strong>minus</strong></span> <span class='ocrx_word' id='word_1_141' title='bbox 821 1764 1004 1852; x_wconf 78' lang='lat' dir='ltr'><strong>negligunt.</strong></span> 
     </span>
    </p>
   </div>
   <div class='ocr_carea' id='block_1_4' title="bbox 119 1940 964 2206">
    <p class='ocr_par' dir='ltr' id='par_1_6' title="bbox 119 1940 964 2206">
     <span class='ocr_line' id='line_1_19' title="bbox 373 1940 713 2028; baseline -0.006 -18"><span class='ocrx_word' id='word_1_142' title='bbox 373 1940 557 2028; x_wconf 79' lang='lat' dir='ltr'>QUAESTIO</span> <span class='ocrx_word' id='word_1_143' title='bbox 585 1942 713 2012; x_wconf 78' lang='lat' dir='ltr'><strong>LXXIV.</strong></span> 
     </span>
     <span class='ocr_line' id='line_1_20' title="bbox 119 2125 964 2206; baseline 0.001 -16"><span class='ocrx_word' id='word_1_144' title='bbox 119 2125 216 2190; x_wconf 80' lang='lat' dir='ltr'><strong>De</strong></span> <span class='ocrx_word' id='word_1_145' title='bbox 241 2125 520 2206; x_wconf 75' lang='lat' dir='ltr'><strong>subjecto</strong></span> <span class='ocrx_word' id='word_1_146' title='bbox 544 2129 964 2206; x_wconf 80' lang='lat' dir='ltr'><strong>peccatorum.</strong></span> 
     </span>
    </p>
   </div>
   <div class='ocr_carea' id='block_1_5' title="bbox 25 2300 1136 3819">
    <p class='ocr_par' dir='ltr' id='par_1_7' title="bbox 25 2300 1066 2548">
     <span class='ocr_line' id='line_1_21' title="bbox 25 2300 1065 2388; baseline 0 -19"><span class='ocrx_word' id='word_1_147' title='bbox 25 2301 86 2370; x_wconf 75' lang='lat' dir='ltr'><strong>Art.</strong></span> <span class='ocrx_word' id='word_1_148' title='bbox 109 2302 142 2370; x_wconf 84' lang='lat' dir='ltr'><strong>i.</strong></span> <span class='ocrx_word' id='word_1_149' title='bbox 167 2300 218 2370; x_wconf 77' lang='lat' dir='ltr'><strong>Aa</strong></span> <span class='ocrx_word' id='word_1_150' title='bbox 240 2301 380 2370; x_wconf 81' lang='lat' dir='ltr'><strong>volentos</strong></span> <span class='ocrx_word' id='word_1_151' title='bbox 402 2305 446 2369; x_wconf 83' lang='lat' dir='ltr'><strong>sit</strong></span> <span class='ocrx_word' id='word_1_152' title='bbox 465 2302 628 2387; x_wconf 78' lang='lat' dir='ltr'><strong>subjectam</strong></span> <span class='ocrx_word' id='word_1_153' title='bbox 652 2306 779 2387; x_wconf 75' lang='lat' dir='ltr'><strong>peceati.</strong></span> <span class='ocrx_word' id='word_1_154' title='bbox 812 2305 848 2388; x_wconf 69' lang='lat' dir='ltr'><strong>nt.</strong></span> <span class='ocrx_word' id='word_1_155' title='bbox 883 2300 953 2382; x_wconf 84' lang='lat' dir='ltr'><strong>Sic,</strong></span> <span class='ocrx_word' id='word_1_156' title='bbox 986 2300 1065 2388; x_wconf 84' lang='lat' dir='ltr'><strong>quia</strong></span> 
     </span>
     <span class='ocr_line' id='line_1_22' title="bbox 44 2390 1066 2476; baseline -0.002 -17"><span class='ocrx_word' id='word_1_157' title='bbox 44 2395 176 2476; x_wconf 83' lang='lat' dir='ltr'><strong>peecata</strong></span> <span class='ocrx_word' id='word_1_158' title='bbox 208 2395 288 2458; x_wconf 86' lang='lat' dir='ltr'><strong>sunt</strong></span> <span class='ocrx_word' id='word_1_159' title='bbox 314 2395 406 2459; x_wconf 85' lang='lat' dir='ltr'><strong>aetus</strong></span> <span class='ocrx_word' id='word_1_160' title='bbox 437 2393 657 2460; x_wconf 88' lang='lat' dir='ltr'><strong>immanentes</strong></span> <span class='ocrx_word' id='word_1_161' title='bbox 684 2393 720 2459; x_wconf 89' lang='lat' dir='ltr'><strong>in</strong></span> <span class='ocrx_word' id='word_1_162' title='bbox 743 2410 803 2459; x_wconf 85' lang='lat' dir='ltr'><strong>suo</strong></span> <span class='ocrx_word' id='word_1_163' title='bbox 826 2390 1008 2476; x_wconf 77' lang='lat' dir='ltr'><strong>principio,</strong></span> <span class='ocrx_word' id='word_1_164' title='bbox 1032 2391 1066 2458; x_wconf 92' lang='lat' dir='ltr'><strong>id</strong></span> 
     </span>
     <span class='ocr_line' id='line_1_23' title="bbox 45 2479 302 2548; baseline -0.008 -2"><span class='ocrx_word' id='word_1_165' title='bbox 45 2487 91 2546; x_wconf 84' lang='lat' dir='ltr'><strong>ast</strong></span> <span class='ocrx_word' id='word_1_166' title='bbox 113 2479 302 2548; x_wconf 81' lang='lat' dir='ltr'><strong>voluntate.</strong></span> 
     </span>
    </p>

    <p class='ocr_par' dir='ltr' id='par_1_8' title="bbox 26 2569 1067 2907">
     <span class='ocr_line' id='line_1_24' title="bbox 26 2569 1065 2655; baseline -0.003 -17"><span class='ocrx_word' id='word_1_167' title='bbox 26 2571 86 2639; x_wconf 81' lang='lat' dir='ltr'><strong>Art.</strong></span> <span class='ocrx_word' id='word_1_168' title='bbox 109 2573 143 2640; x_wconf 76' lang='lat'><strong>2.</strong></span> <span class='ocrx_word' id='word_1_169' title='bbox 166 2571 219 2639; x_wconf 84' lang='lat' dir='ltr'><strong>Aa</strong></span> <span class='ocrx_word' id='word_1_170' title='bbox 240 2573 306 2638; x_wconf 84' lang='lat' dir='ltr'><strong>soto</strong></span> <span class='ocrx_word' id='word_1_171' title='bbox 328 2572 468 2639; x_wconf 77' lang='lat' dir='ltr'><strong>volentos</strong></span> <span class='ocrx_word' id='word_1_172' title='bbox 492 2575 534 2638; x_wconf 83' lang='lat' dir='ltr'><strong>sit</strong></span> <span class='ocrx_word' id='word_1_173' title='bbox 556 2572 721 2655; x_wconf 73' lang='lat' dir='ltr'><strong>subjeetum</strong></span> <span class='ocrx_word' id='word_1_174' title='bbox 749 2573 874 2655; x_wconf 79' lang='lat' dir='ltr'><strong>peceati.</strong></span> <span class='ocrx_word' id='word_1_175' title='bbox 912 2572 947 2653; x_wconf 70' lang='lat' dir='ltr'><strong>ii,</strong></span> <span class='ocrx_word' id='word_1_176' title='bbox 977 2569 1065 2648; x_wconf 90' lang='lat' dir='ltr'><strong>Non,</strong></span> 
     </span>
     <span class='ocr_line' id='line_1_25' title="bbox 42 2659 1067 2745; baseline -0.003 -18"><span class='ocrx_word' id='word_1_177' title='bbox 42 2664 96 2728; x_wconf 87' lang='lat' dir='ltr'><strong>sed</strong></span> <span class='ocrx_word' id='word_1_178' title='bbox 121 2679 241 2729; x_wconf 83' lang='lat' dir='ltr'><strong>omnes</strong></span> <span class='ocrx_word' id='word_1_179' title='bbox 266 2661 432 2744; x_wconf 86' lang='lat' dir='ltr'><strong>potentiae,</strong></span> <span class='ocrx_word' id='word_1_180' title='bbox 455 2681 530 2745; x_wconf 82' lang='lat' dir='ltr'><strong>qnae</strong></span> <span class='ocrx_word' id='word_1_181' title='bbox 555 2667 734 2727; x_wconf 85' lang='lat' dir='ltr'><strong>moventur</strong></span> <span class='ocrx_word' id='word_1_182' title='bbox 749 2681 768 2726; x_wconf 88' lang='lat' dir='ltr'><strong>a</strong></span> <span class='ocrx_word' id='word_1_183' title='bbox 783 2661 965 2737; x_wconf 89' lang='lat' dir='ltr'><strong>voluntate,</strong></span> <span class='ocrx_word' id='word_1_184' title='bbox 981 2659 1067 2724; x_wconf 87' lang='lat' dir='ltr'><strong>sient</strong></span> 
     </span>
     <span class='ocr_line' id='line_1_26' title="bbox 43 2748 1066 2836; baseline -0.002 -20"><span class='ocrx_word' id='word_1_185' title='bbox 43 2757 119 2817; x_wconf 81' lang='lat' dir='ltr'><strong>sunt</strong></span> <span class='ocrx_word' id='word_1_186' title='bbox 140 2753 293 2835; x_wconf 82' lang='lat' dir='ltr'><strong>subjecta</strong></span> <span class='ocrx_word' id='word_1_187' title='bbox 316 2751 491 2829; x_wconf 89' lang='lat' dir='ltr'><strong>virtutum,</strong></span> <span class='ocrx_word' id='word_1_188' title='bbox 515 2751 591 2836; x_wconf 90' lang='lat' dir='ltr'><strong>quia</strong></span> <span class='ocrx_word' id='word_1_189' title='bbox 607 2750 774 2817; x_wconf 78' lang='lat' dir='ltr'><strong>contraria</strong></span> <span class='ocrx_word' id='word_1_190' title='bbox 790 2753 964 2814; x_wconf 78' lang='lat' dir='ltr'><strong>remanent</strong></span> <span class='ocrx_word' id='word_1_191' title='bbox 979 2748 1066 2814; x_wconf 86' lang='lat' dir='ltr'><strong>eirea</strong></span> 
     </span>
     <span class='ocr_line' id='line_1_27' title="bbox 46 2841 480 2907; baseline 0.005 -3"><span class='ocrx_word' id='word_1_192' title='bbox 46 2841 142 2907; x_wconf 88' lang='lat' dir='ltr'><strong>idem.</strong></span> <span class='ocrx_word' id='word_1_193' title='bbox 471 2861 480 2871; x_wconf 93' lang='lat'>·</span> 
     </span>
    </p>

    <p class='ocr_par' dir='ltr' id='par_1_9' title="bbox 30 2926 1136 3374">
     <span class='ocr_line' id='line_1_28' title="bbox 45 2926 1067 3014; baseline -0.005 -18"><span class='ocrx_word' id='word_1_194' title='bbox 45 2930 239 2996; x_wconf 75' lang='lat' dir='ltr'><strong>&#39;Potentiae</strong></span> <span class='ocrx_word' id='word_1_195' title='bbox 264 2932 414 3013; x_wconf 84' lang='lat' dir='ltr'><strong>respectu</strong></span> <span class='ocrx_word' id='word_1_196' title='bbox 438 2930 575 2995; x_wconf 84' lang='lat' dir='ltr'><strong>rationis</strong></span> <span class='ocrx_word' id='word_1_197' title='bbox 597 2931 676 2995; x_wconf 88' lang='lat' dir='ltr'><strong>sunt</strong></span> <span class='ocrx_word' id='word_1_198' title='bbox 706 2928 800 3014; x_wconf 87' lang='lat' dir='ltr'><strong>quasi</strong></span> <span class='ocrx_word' id='word_1_199' title='bbox 832 2927 961 3004; x_wconf 76' lang='lat' dir='ltr'><strong>liberae,</strong></span> <span class='ocrx_word' id='word_1_200' title='bbox 990 2926 1067 3009; x_wconf 85' lang='lat' dir='ltr'><strong>quia</strong></span> 
     </span>
     <span class='ocr_line' id='line_1_29' title="bbox 47 3015 1136 3106; baseline -0.005 -22"><span class='ocrx_word' id='word_1_201' title='bbox 47 3025 207 3106; x_wconf 76' lang='lat' dir='ltr'><strong>aguntur,</strong></span> <span class='ocrx_word' id='word_1_202' title='bbox 227 3025 271 3083; x_wconf 84' lang='lat' dir='ltr'><strong>et</strong></span> <span class='ocrx_word' id='word_1_203' title='bbox 293 3023 415 3104; x_wconf 82' lang='lat' dir='ltr'><strong>agunt;</strong></span> <span class='ocrx_word' id='word_1_204' title='bbox 438 3021 496 3086; x_wconf 86' lang='lat' dir='ltr'><strong>sed</strong></span> <span class='ocrx_word' id='word_1_205' title='bbox 519 3037 643 3102; x_wconf 82' lang='lat' dir='ltr'><strong>organa</strong></span> <span class='ocrx_word' id='word_1_206' title='bbox 665 3022 760 3097; x_wconf 89' lang='lat' dir='ltr'><strong>sunt,</strong></span> <span class='ocrx_word' id='word_1_207' title='bbox 785 3015 887 3082; x_wconf 85' lang='lat' dir='ltr'><strong>veluti</strong></span> <span class='ocrx_word' id='word_1_208' title='bbox 912 3015 1011 3094; x_wconf 84' lang='lat' dir='ltr'><strong>fervi,</strong></span> <span class='ocrx_word' id='word_1_209' title='bbox 1034 3018 1079 3080; x_wconf 79' lang='lat' dir='ltr'><strong>et·</strong></span> <span class='ocrx_word' id='word_1_210' title='bbox 1134 3015 1136 3020; x_wconf 83' lang='lat'>&#39;</span> 
     </span>
     <span class='ocr_line' id='line_1_30' title="bbox 48 3105 1005 3188; baseline -0.004 -12"><span class='ocrx_word' id='word_1_211' title='bbox 48 3113 167 3177; x_wconf 85' lang='lat' dir='ltr'><strong>habent</strong></span> <span class='ocrx_word' id='word_1_212' title='bbox 192 3112 403 3174; x_wconf 85' lang='lat' dir='ltr'><strong>transeuntes</strong></span> <span class='ocrx_word' id='word_1_213' title='bbox 427 3109 581 3186; x_wconf 83' lang='lat' dir='ltr'><strong>actiones,</strong></span> <span class='ocrx_word' id='word_1_214' title='bbox 606 3111 640 3173; x_wconf 86' lang='lat' dir='ltr'><strong>nt</strong></span> <span class='ocrx_word' id='word_1_215' title='bbox 663 3127 731 3173; x_wconf 92' lang='lat' dir='ltr'><strong>non</strong></span> <span class='ocrx_word' id='word_1_216' title='bbox 755 3109 804 3172; x_wconf 86' lang='lat' dir='ltr'><strong>est</strong></span> <span class='ocrx_word' id='word_1_217' title='bbox 827 3125 886 3188; x_wconf 85' lang='lat' dir='ltr'><strong>par</strong></span> <span class='ocrx_word' id='word_1_218' title='bbox 911 3105 1005 3172; x_wconf 87' lang='lat' dir='ltr'><strong>ratio.</strong></span> 
     </span>
     <span class='ocr_line' id='line_1_31' title="bbox 30 3193 1067 3291; baseline -0.006 -26"><span class='ocrx_word' id='word_1_219' title='bbox 30 3201 87 3267; x_wconf 74' lang='lat' dir='ltr'><strong>Art.</strong></span> <span class='ocrx_word' id='word_1_220' title='bbox 111 3201 144 3267; x_wconf 84' lang='lat'><strong>3.</strong></span> <span class='ocrx_word' id='word_1_221' title='bbox 167 3199 220 3267; x_wconf 83' lang='lat' dir='ltr'><strong>Aa</strong></span> <span class='ocrx_word' id='word_1_222' title='bbox 244 3202 279 3264; x_wconf 85' lang='lat' dir='ltr'><strong>in</strong></span> <span class='ocrx_word' id='word_1_223' title='bbox 301 3200 497 3291; x_wconf 71' lang='lat' dir='ltr'><strong>senseratitota</strong></span> <span class='ocrx_word' id='word_1_224' title='bbox 517 3200 614 3281; x_wconf 78' lang='lat' dir='ltr'><strong>possit</strong></span> <span class='ocrx_word' id='word_1_225' title='bbox 636 3217 696 3263; x_wconf 85' lang='lat' dir='ltr'><strong>asse</strong></span> <span class='ocrx_word' id='word_1_226' title='bbox 725 3203 890 3281; x_wconf 80' lang='lat' dir='ltr'><strong>paccatum.</strong></span> <span class='ocrx_word' id='word_1_227' title='bbox 927 3196 961 3278; x_wconf 67' lang='lat' dir='ltr'><strong>ii.</strong></span> <span class='ocrx_word' id='word_1_228' title='bbox 997 3193 1067 3272; x_wconf 90' lang='lat' dir='ltr'><strong>Sie,</strong></span> 
     </span>
     <span class='ocr_line' id='line_1_32' title="bbox 48 3288 718 3374; baseline -0.003 -20"><span class='ocrx_word' id='word_1_229' title='bbox 48 3295 81 3354; x_wconf 85' lang='lat' dir='ltr'><strong>nt</strong></span> <span class='ocrx_word' id='word_1_230' title='bbox 103 3292 176 3374; x_wconf 83' lang='lat' dir='ltr'><strong>ejus</strong></span> <span class='ocrx_word' id='word_1_231' title='bbox 200 3292 293 3354; x_wconf 86' lang='lat' dir='ltr'><strong>aetus</strong></span> <span class='ocrx_word' id='word_1_232' title='bbox 317 3291 470 3355; x_wconf 88' lang='lat' dir='ltr'><strong>movetur</strong></span> <span class='ocrx_word' id='word_1_233' title='bbox 493 3309 511 3352; x_wconf 87' lang='lat' dir='ltr'><strong>a</strong></span> <span class='ocrx_word' id='word_1_234' title='bbox 536 3288 718 3353; x_wconf 84' lang='lat' dir='ltr'><strong>voluntate.</strong></span> 
     </span>
    </p>

    <p class='ocr_par' dir='ltr' id='par_1_10' title="bbox 30 3375 1069 3726">
     <span class='ocr_line' id='line_1_33' title="bbox 30 3375 1068 3460; baseline -0.006 -14"><span class='ocrx_word' id='word_1_235' title='bbox 30 3379 89 3446; x_wconf 78' lang='lat' dir='ltr'><strong>Art.</strong></span> <span class='ocrx_word' id='word_1_236' title='bbox 112 3379 146 3444; x_wconf 73' lang='lat' dir='ltr'><strong>i.</strong></span> <span class='ocrx_word' id='word_1_237' title='bbox 170 3377 220 3446; x_wconf 83' lang='lat' dir='ltr'><strong>Aa</strong></span> <span class='ocrx_word' id='word_1_238' title='bbox 245 3381 279 3443; x_wconf 85' lang='lat' dir='ltr'><strong>ia</strong></span> <span class='ocrx_word' id='word_1_239' title='bbox 309 3379 506 3445; x_wconf 74' lang='lat' dir='ltr'><strong>sensualitate</strong></span> <span class='ocrx_word' id='word_1_240' title='bbox 532 3380 629 3460; x_wconf 75' lang='lat' dir='ltr'><strong>possit</strong></span> <span class='ocrx_word' id='word_1_241' title='bbox 657 3396 719 3443; x_wconf 83' lang='lat' dir='ltr'><strong>asoa</strong></span> <span class='ocrx_word' id='word_1_242' title='bbox 749 3381 904 3460; x_wconf 77' lang='lat' dir='ltr'><strong>paccatum</strong></span> <span class='ocrx_word' id='word_1_243' title='bbox 933 3375 1068 3442; x_wconf 78' lang='lat' dir='ltr'><strong>morato.</strong></span> 
     </span>
     <span class='ocr_line' id='line_1_34' title="bbox 51 3459 1069 3552; baseline -0.005 -17"><span class='ocrx_word' id='word_1_244' title='bbox 51 3471 81 3551; x_wconf 65' lang='grc' dir='ltr'><strong>ἡ.</strong></span> <span class='ocrx_word' id='word_1_245' title='bbox 104 3469 188 3548; x_wconf 85' lang='lat' dir='ltr'><strong>Non,</strong></span> <span class='ocrx_word' id='word_1_246' title='bbox 212 3467 291 3552; x_wconf 86' lang='lat' dir='ltr'><strong>quia</strong></span> <span class='ocrx_word' id='word_1_247' title='bbox 315 3469 349 3533; x_wconf 91' lang='lat' dir='ltr'><strong>in</strong></span> <span class='ocrx_word' id='word_1_248' title='bbox 372 3487 412 3533; x_wconf 91' lang='lat' dir='ltr'><strong>ea</strong></span> <span class='ocrx_word' id='word_1_249' title='bbox 435 3487 504 3533; x_wconf 93' lang='lat' dir='ltr'><strong>non</strong></span> <span class='ocrx_word' id='word_1_250' title='bbox 529 3470 634 3549; x_wconf 82' lang='lat' dir='ltr'><strong>potest</strong></span> <span class='ocrx_word' id='word_1_251' title='bbox 662 3485 730 3532; x_wconf 90' lang='lat' dir='ltr'><strong>esse</strong></span> <span class='ocrx_word' id='word_1_252' title='bbox 753 3459 973 3540; x_wconf 78' lang='lat' dir='ltr'><strong>deordinatio,</strong></span> <span class='ocrx_word' id='word_1_253' title='bbox 996 3481 1069 3545; x_wconf 82' lang='lat' dir='ltr'><strong>quae</strong></span> 
     </span>
     <span class='ocr_line' id='line_1_35' title="bbox 50 3553 1067 3640; baseline -0.006 -18"><span class='ocrx_word' id='word_1_254' title='bbox 50 3557 139 3624; x_wconf 82' lang='lat' dir='ltr'><strong>tollat</strong></span> <span class='ocrx_word' id='word_1_255' title='bbox 174 3556 279 3622; x_wconf 83' lang='lat' dir='ltr'><strong>vitam</strong></span> <span class='ocrx_word' id='word_1_256' title='bbox 313 3557 535 3640; x_wconf 86' lang='lat' dir='ltr'><strong>spiritualem,</strong></span> <span class='ocrx_word' id='word_1_257' title='bbox 570 3555 648 3640; x_wconf 88' lang='lat' dir='ltr'><strong>quia</strong></span> <span class='ocrx_word' id='word_1_258' title='bbox 678 3555 721 3621; x_wconf 87' lang='lat' dir='ltr'><strong>ad</strong></span> <span class='ocrx_word' id='word_1_259' title='bbox 751 3555 849 3620; x_wconf 84' lang='lat' dir='ltr'><strong>talem</strong></span> <span class='ocrx_word' id='word_1_260' title='bbox 873 3553 975 3618; x_wconf 87' lang='lat' dir='ltr'><strong>finem</strong></span> <span class='ocrx_word' id='word_1_261' title='bbox 998 3569 1067 3618; x_wconf 91' lang='lat' dir='ltr'><strong>non</strong></span> 
     </span>
     <span class='ocr_line' id='line_1_36' title="bbox 47 3641 889 3726; baseline -0.007 -14"><span class='ocrx_word' id='word_1_262' title='bbox 47 3641 231 3726; x_wconf 77' lang='lat' dir='ltr'><strong>ordinatur,</strong></span> <span class='ocrx_word' id='word_1_263' title='bbox 255 3647 371 3712; x_wconf 87' lang='lat' dir='ltr'><strong>sedin</strong></span> <span class='ocrx_word' id='word_1_264' title='bbox 394 3646 463 3712; x_wconf 85' lang='lat' dir='ltr'><strong>sola</strong></span> <span class='ocrx_word' id='word_1_265' title='bbox 486 3646 670 3722; x_wconf 80' lang='lat' dir='ltr'><strong>voluntate,</strong></span> <span class='ocrx_word' id='word_1_266' title='bbox 694 3649 728 3710; x_wconf 90' lang='lat' dir='ltr'><strong>et</strong></span> <span class='ocrx_word' id='word_1_267' title='bbox 750 3643 889 3710; x_wconf 86' lang='lat' dir='ltr'><strong>ratione.</strong></span> 
     </span>
    </p>

    <p class='ocr_par' dir='ltr' id='par_1_11' title="bbox 53 3732 1067 3819">
     <span class='ocr_line' id='line_1_37' title="bbox 53 3732 1067 3819; baseline -0.008 -15"><span class='ocrx_word' id='word_1_268' title='bbox 53 3735 181 3804; x_wconf 59' lang='lat' dir='ltr'><strong>*iaus</strong></span> <span class='ocrx_word' id='word_1_269' title='bbox 216 3735 456 3815; x_wconf 79' lang='lat' dir='ltr'><strong>sensualitatis,</strong></span> <span class='ocrx_word' id='word_1_270' title='bbox 490 3736 579 3819; x_wconf 83' lang='lat' dir='ltr'><strong>qnod</strong></span> <span class='ocrx_word' id='word_1_271' title='bbox 613 3735 792 3802; x_wconf 79' lang='lat' dir='ltr'><strong>consuerat</strong></span> <span class='ocrx_word' id='word_1_272' title='bbox 822 3733 865 3801; x_wconf 90' lang='lat' dir='ltr'><strong>ad</strong></span> <span class='ocrx_word' id='word_1_273' title='bbox 895 3732 1067 3814; x_wconf 83' lang='lat' dir='ltr'><strong>peecatum</strong></span> 
     </span>
    </p>
   </div>
   <div class='ocr_carea' id='block_1_6' title="bbox 0 0 1324 4212">
    <p class='ocr_par' dir='ltr' id='par_1_12' title="bbox 0 0 1324 4212">
     <span class='ocr_line' id='line_1_38' title="bbox 0 0 1324 4212; baseline 0 0"><span class='ocrx_word' id='word_1_274' title='bbox 0 0 1324 4212; x_wconf 95' lang='lat' dir='ltr'><strong> </strong></span> 
     </span>
    </p>
   </div>
  </div>
 </body>
</html>
