2604 4210
282 98 352 180 338.
540 117 587 170 nx
611 115 777 172 sneuuot
802 118 978 174 snonnnn

238 250 307 322 Art.
331 250 364 319 6.
387 248 436 318 Au
458 251 672 318 convenienter
697 253 893 336 ossipnentur
919 252 999 336 pule
1028 257 1162 341 quinque
1192 259 1292 342 filie,

261 342 296 408 id
328 347 374 408 est
401 341 504 425 inepto
535 342 660 422 lotitia,
691 343 882 423 scurrilitas,
910 344 1122 428 immunditia,
1147 351 1292 416 multilo-

262 433 383 516 quium,
411 439 442 496 et
469 431 591 498 ebetudo
618 435 728 497 mentis
758 435 842 497 eirea
871 435 1289 523 instellipentiom.1i.Sie‚

261 521 339 606 quia
361 525 543 588 naseuntur
566 541 607 587 ex
629 520 846 637 delectatione
867 524 962 606 gulae.

613 697 792 784 QUAEstlo
821 699 948 768 cxtlx.

522 881 612 944 De
641 883 996 950 sobrietate.

238 1059 307 1129 Art.
331 1058 361 1127 l
385 1056 436 1125 An
457 1058 587 1125 maturio
608 999 780 1125 sobrietatis
803 1059 847 1124 sit
865 1066 964 1142 potus.
989 995 1025 1148 ni.
1043 1060 1104 1142 Sie,
1121 1081 1194 1130 non
1213 1065 1300 1149 qui.

261 1167 403 1234 cunque,
426 1150 484 1216 sed
506 1149 593 1214 eirea
616 1167 703 1227 eum,
727 1148 784 1231 qui
807 1167 865 1214 sua
881 1149 1067 1216 fumositate
1082 1153 1166 1218 solet
1181 1157 1300 1248 capuit

260 1239 476 1316 conturbare,
507 1241 540 1302 et
565 1240 656 1303 hune
686 1239 895 1317 moderatur,
924 1259 968 1306 ne
994 1241 1155 1324 impediat
1183 1255 1300 1310 usum?

261 1328 413 1394 rationis:
435 1327 544 1392 lioet’
535 1347 570 1391 tn
594 1328 740 1410 generali
763 1328 855 1392 sitm
872 1329 1019 1412 qualibet
1037 1331 1185 1410 materia,
1206 1335 1300 1418 quia}

261 1435 416 1484 mensura
440 1417 475 1482 in
499 1415 653 1482 omnibus
677 1416 870 1500 requiritur

240 1505 307 1576 Art
331 1507 362 1574 ᾖ.
386 1504 435 1572 Au
457 1505 603 1571 sobrietas
624 1509 668 1572 sit
690 1525 748 1589 per
776 1526 807 1572 se
837 1510 938 1574 uirtus
967 1511 1114 1593 spatiolis.
1146 1512 1183 1595 nl.
1217 1511 1289 1590 Sic,

263 1597 340 1682 quia
364 1600 512 1662 removet
533 1595 671 1678 speciale
694 1595 969 1678 impedimentum
997 1599 1148 1676 rationis,
1174 1601 1212 1666 id
1239 1607 1289 1666 est

261 1686 448 1752 fumositate
477 1684 547 1750 vini
578 1684 753 1762 inebriari,
782 1685 866 1750 sieut
894 1688 1094 1754 abstinentia
1116 1693 1290 1774 temperat

264 1776 514 1842 immoderatam
536 1775 787 1841 delectationem
810 1775 887 1854 eibi,
910 1780 943 1840 et
967 1782 1072 1861 potus.

240 1864 308 1934 Art.
333 1865 364 1933 3.
387 1865 439 1933 dn
461 1883 533 1932 usus
554 1867 622 1931 vini
647 1866 781 1930 totaliter
803 1867 847 1931 sit
867 1866 997 1932 illicitus
1020 1885 1058 1932 ee>
1080 1887 1119 1933 se.
1145 1869 1183 1952 si,
1199 1869 1287 1946 Non,

259 1955 346 2022 sieut
370 1957 479 2021 nullus
502 1954 603 2032 eibus,
628 1956 679 2019 vel
704 1959 808 2038 potus,
834 1955 897 2020 nisi
920 1975 980 2039 per
1003 1955 1165 2035 accidens,
1186 1963 1229 2023 ut
1247 1979 1288 2024 ex

261 2045 452 2112 conditione
475 2043 628 2122 bibentis,
652 2044 709 2128 qui
732 2063 751 2108 a
775 2044 854 2109 vino
878 2044 971 2110 iaoile
993 2044 1136 2123 laeditur,
1161 2049 1220 2112 vel
1246 2069 1288 2114 ex

260 2137 339 2202 voto
363 2153 431 2200 non
456 2132 607 2213 bibendi;
631 2135 684 2198 vel
708 2135 820 2212 modo,
848 2133 881 2200 id
911 2138 960 2199 est
988 2135 1023 2202 in
1053 2153 1204 2215 excessu,
1233 2140 1287 2203 vel

261 2224 289 2290 si
312 2243 354 2290 ex
376 2225 439 2289 boe
461 2221 516 2288 alii
539 2222 815 2290 scandalizantur.

238 2312 306 2382 Art.
331 2313 362 2381 t.
387 2314 438 2378 An
459 2310 605 2378 sobrietas
626 2315 723 2397 napis
748 2315 925 2396 requiretur
954 2317 990 2380 in
1019 2313 1185 2398 musonius
1213 2335 1287 2399 per·

259 2405 354 2472 eoois.
379 2403 415 2488 li.
438 2401 532 2470 Varie
554 2402 665 2479 variis,
688 2406 726 2468 ut
749 2403 851 2486 magis
875 2403 909 2469 in
930 2406 1111 2488 juvenibus
1132 2405 1177 2469 ad
1201 2425 1288 2472 eon·

253 2491 478 2578 onpiseentias
507 2492 747 2570 refrenandas,
777 2492 812 2556 in
845 2494 964 2577 quibus
999 2494 1114 2578 vigent
1142 2499 1288 2578 propter

255 2585 426 2650 iervorem
450 2579 563 2648 aetatis.
587 2580 684 2663 ltem,
708 2581 743 2646 in
767 2582 975 2661 mulieribus,
1002 2584 1079 2668 quia
1102 2587 1149 2648 est
1174 2583 1211 2649 in
1240 2585 1287 2650 eis

261 2673 412 2740 debilitas
428 2670 575 2749 rationis,
591 2675 625 2735 et
640 2671 913 2754 concupiscentiis
928 2691 997 2738 non
1014 2672 1182 2740 resistunt.
1199 2673 1287 2739 ltem

260 2761 395 2828 senibus
410 2765 449 2827 ut
465 2759 549 2828 ratio
564 2759 673 2846 vigeat
689 2762 732 2827 ad
747 2760 887 2826 aliorum
905 2762 1169 2828 instructionem.
1188 2762 1285 2842 ltem,

261 2851 436 2935 Episoopis,
458 2855 492 2916 et
515 2849 673 2916 ministris
697 2847 856 2929 Euelesiae,
879 2850 936 2935 qui
960 2856 1071 2918 mente
1085 2853 1207 2916 devota
1225 2855 1287 2918 de·

261 2942 343 3010 beni
365 2941 589 3025 spiritualibus
612 2939 772 3016 insistere,
795 2945 829 3006 et
853 2939 991 3024 Regibus
1007 2941 1049 3008 ad
1065 2943 1286 3027 gubernatio·

253 3047 341 3099 mem
364 3031 584 3098 subditorum.

575 3247 583 3256 ι
626 3206 805 3290 QUAESllO
833 3207 890 3276 cl..

549 3377 641 3458 Do
664 3392 984 3458 ebrietate.

290 3273 299 3320 ¹
328 3251 332 3258 .

244 3569 326 3642 nr
341 3572 371 3640 l.
395 3569 445 3641 An
468 3568 595 3636 ebrietas
617 3571 661 3635 sit
678 3575 841 3652 pareutum.
868 3571 912 3674 Ji·
938 3567 1135 3635 Ebrietatem
1165 3588 1209 3636 ex
1233 3575 1286 3636 nl·

269 3661 335 3730 mia
358 3661 430 3731 vini
453 3657 647 3726 fortitudine
675 3663 794 3741 praeter
822 3659 1011 3742 opinionem
1040 3656 1185 3725 bibentis
1215 3679 1283 3726 non
