2608 4220
232 106 301 178 tos
533 105 580 174 ab
605 119 866 174 soranam-mro

188 201 378 310 *Immo
397 241 501 306 beata
516 239 551 304 on
567 239 622 306 ore
637 238 751 305 suarm
766 237 1006 306 indicabuntur
1020 239 1064 307 ao
1080 237 1229 326 gloriam,

212 333 311 399 etiam
334 329 490 412 eorporis.

184 420 252 491 Art.
275 420 306 488 3.
331 417 380 487 do
402 422 523 487 ooimoa
546 421 582 486 io
601 417 761 503 paradiso,
783 420 831 487 ool
864 421 900 487 io
923 420 1047 506 inform
1069 419 1232 486 orbantes

208 510 311 597 apreli
332 511 463 578 oolaool.
489 512 524 594 ιι.
547 509 628 588 Νοιι,
652 509 697 576 ita
719 514 758 575 ut
780 509 870 576 loeus
887 529 1002 577 earum
1026 528 1094 576 non
1116 509 1161 574 sit
1174 527 1230 591 pa-

209 601 345 677 radisus‚
369 603 421 665 vel
444 598 604 676 infernus,
628 597 685 664 sed
709 619 749 664 ex
772 599 985 683 dispositione
1013 599 1128 665 divina
1158 617 1231 681 poe·
1280 624 1281 674 ι

206 690 343 757 suntad
360 693 500 771 tempus,
524 694 560 753 ut
575 707 661 771 saepe
675 689 805 769 aedidit,
821 688 1012 771 presentari
1040 685 1231 770 eonspealni

209 779 393 847 hominum.
417 778 508 856 ltem,
533 776 619 844 beati
643 782 780 861 possunt
808 797 868 860 pro
884 779 1055 844 voluntate
1070 795 1233 860 apparere
1281 786 1282 858 ι

208 868 411 947 hominibus,
435 871 466 932 et
490 869 552 933 boo
575 868 698 933 babent
721 888 763 933 ex
785 867 911 936 lumine
935 866 1057 952 gloriae,
1081 864 1233 933 damnati

209 978 279 1026 non
314 958 377 1023 nisi
412 976 453 1022 ex
483 955 707 1041 permissione,
739 961 850 1024 umen
887 976 1018 1041 semper
1045 959 1125 1022 sunt
1155 973 1234 1022 enm
1282 950 1283 990 o

208 1049 325 1114 eadem
348 1065 456 1131 poena,
480 1047 533 1111 vel
557 1045 669 1130 gloria.
1283 1112 1284 1122 χ

209 1136 489 1204 *Potesttamen
514 1153 673 1219 apparere
695 1134 788 1218 quasi
812 1135 1064 1217 praesentialiter
1085 1135 1121 1202 in
1145 1151 1236 1200 som·
1283 1139 1284 1144 ’

211 1225 290 1307 nio,
325 1229 376 1292 vel
411 1225 522 1310 vigilia
558 1245 599 1291 ex
633 1224 824 1308 operatione
857 1227 1044 1306 bonorum,
1076 1225 1129 1290 vel
1165 1241 1237 1290 ma·
1284 1276 1285 1316 ,

210 1316 330 1382 lorum.
1284 1319 1285 1326 ’

187 1403 255 1474 Art.
280 1405 312 1472 l.
335 1404 384 1472 Ao
408 1403 515 1472 limbos
539 1403 657 1487 inserat
678 1405 723 1469 sit
736 1404 814 1471 idom
827 1403 906 1488 qood
926 1406 1012 1471 sinas
1032 1401 1180 1473 dlroboo.
1197 1405 1237 1488 sl.
1285 1438 1286 1492 p

210 1495 313 1561 Erant
336 1514 441 1560 unum
465 1511 527 1577 per
549 1493 701 1559 aenidens
723 1499 801 1561 ante
824 1493 1000 1572 Christum,
1032 1494 1109 1577 quia
1132 1497 1240 1578 prout

211 1586 378 1651 habebant
400 1583 555 1669 quietem,
583 1583 705 1649 dieitur
719 1584 810 1650 sinus
825 1581 976 1660 Abrabae,
993 1588 1092 1665 prout
1106 1582 1239 1668 aliquid
1286 1602 1287 1674 l

211 1675 258 1739 eis
280 1675 394 1740 deerat
417 1674 538 1739 dicitur
562 1672 699 1754 limbus,
723 1674 799 1758 quia
825 1693 891 1738 non
916 1674 1082 1738 habebant
1108 1676 1240 1747 linem,

176 1811 180 1819 .
211 1769 246 1828 et
268 1767 339 1828 erat
362 1763 470 1848 aliqua
491 1780 565 1845 pars
581 1761 716 1840 inferni,
731 1763 789 1827 sed
813 1768 885 1845 post
907 1762 1089 1828 adventum
1112 1760 1242 1829 Christi
1287 1764 1288 1818 l

212 1852 295 1918 nibil
320 1853 473 1934 probibet
495 1852 584 1935 quod
608 1849 738 1931 limbus,
762 1856 795 1916 et
817 1853 908 1917 sinus
937 1852 1073 1917 Abrabae
1095 1851 1165 1917 sint
1188 1851 1242 1916 di·

212 1942 309 2021 versi,
336 1941 413 2026 quia
429 1947 525 2006 erant
548 1960 653 2005 unum
671 1960 729 2023 per
745 1941 917 2008 aeoidens:
943 1959 1021 2006 nam
1044 1945 1117 2022 post
1140 1939 1241 2007 Glori-
1288 1928 1289 2010 l

212 2036 300 2096 stum
323 2031 416 2095 sinus
438 2030 574 2095 Abrahae
597 2033 740 2096 sumitur
764 2050 823 2111 pro
846 2035 933 2097 statu
960 2033 1157 2100 beatorum..

191 2120 259 2188 Art.
283 2121 314 2187 5.
338 2117 387 2186 Ao
411 2118 518 2185 limbos
541 2117 618 2185 idem
639 2121 684 2184 sit
703 2119 782 2203 qood
796 2122 939 2203 iosoroas
958 2119 1185 2187 damnatorum.
1202 2119 1241 2202 ἢ.

213 2208 306 2286 Νοιι,
330 2209 405 2296 quia
428 2229 447 2274 a
470 2208 577 2290 limbo,
595 2209 731 2274 fuerunt
754 2209 893 2284 liberati,
922 2212 964 2274 ab
993 2209 1125 2275 inferno
1155 2226 1242 2285 non,

214 2305 247 2364 ει
269 2306 348 2363 sunt
370 2298 552 2363 seeundum
575 2298 722 2362 locorum
746 2297 959 2382 qualitatem:
995 2297 1167 2381 probabile
1191 2299 1243 2362 est

215 2389 303 2472 quod
327 2406 403 2471 pars
425 2385 575 2469 superior
599 2386 721 2452 inferni
744 2387 875 2453 dicatur
899 2389 1030 2455 limbus.

192 2476 260 2544 Art.
283 2477 314 2544 6.
338 2472 387 2541 olo
411 2475 518 2543 limbos
539 2494 702 2559 puerorum
717 2478 761 2542 sit
775 2477 852 2542 idom
870 2477 949 2560 qood
964 2477 1072 2545 limbus
1094 2472 1244 2544 Ριιιιιιιιι.

217 2567 252 2650 ιι.
276 2566 391 2650 Quoad
413 2567 522 2631 locum
547 2566 714 2647 probabile
738 2572 785 2631 est
809 2569 898 2650 quod
920 2567 987 2641 sie,
1004 2567 1061 2632 sed
1078 2565 1245 2631 differunt

215 2656 400 2722 seeundum
423 2655 613 2740 qualitatem
638 2655 776 2738 praemii,
801 2656 852 2720 vel
878 2675 1002 2739 poena,
1025 2655 1104 2739 quin
1127 2653 1245 2736 pueris

218 2745 253 2810 in
277 2745 379 2811 limbo
403 2763 470 2810 non
494 2750 542 2809 est
564 2763 637 2828 spes
660 2744 895 2824 beatitudinis,
923 2763 999 2830 qnae
1027 2743 1155 2810 eratin
1182 2763 1245 2826 pa·

216 2834 334 2902 tribus.

195 2923 264 2994 Art.
288 2923 320 2991 7.
340 2921 391 2990 Aa
414 2922 540 2990 deleant
566 2930 610 2989 tot
637 2925 825 3007 roooptooalo
847 2923 1009 3006 distinqui.
1035 2925 1070 3008 ιι.
1093 2920 1167 3004 Sia,
1190 2939 1246 2986 se·

217 3014 365 3080 eundum
388 3012 534 3078 diversos
556 3017 659 3080 status
682 3013 882 3095 animarum,
898 3013 1008 3090 etsie,
1028 3013 1080 3078 vel
1103 3016 1151 3078 est
1173 3011 1246 3095 glo·

220 3102 279 3182 ria,
304 3104 355 3168 vel
379 3102 541 3180 internus,
564 3104 617 3169 vel
640 3103 772 3180 limbus,
796 3104 849 3168 vel
874 3102 1115 3187 purgatorium.

222 3199 231 3218 ·
256 3192 435 3258 Daemones
457 3193 581 3259 habent
604 3197 712 3258 adrem
736 3193 835 3257 istum
858 3191 1085 3276 caliginosum,
1111 3207 1181 3256 non
1206 3193 1247 3255 ut

224 3284 333 3348 locum
357 3281 594 3361 retributionis,
617 3282 675 3347 sed
694 3300 753 3365 pro
768 3282 875 3347 ollieio
898 3299 1012 3347 eorum
1029 3282 1072 3346 ad
1090 3282 1246 3346 nostrum

226 3371 431 3437 exercitium.
466 3370 568 3448 ltem,
592 3373 647 3454 qui
671 3391 747 3436 eum
778 3370 928 3455 originali
952 3372 1107 3454 peceato,
1129 3374 1163 3434 et
1187 3387 1248 3432 ve-

227 3460 305 3526 niali
329 3461 487 3536 moritur,
511 3459 650 3544 punitur
672 3460 707 3524 in
733 3461 863 3526 interno
893 3459 928 3524 in
958 3465 1144 3536 murnum,
1166 3457 1246 3541 quia

227 3551 368 3616 estsine
391 3550 507 3633 gratia,
530 3552 562 3614 et
584 3547 631 3612 sio
653 3568 721 3615 non
746 3549 885 3632 punitur
907 3550 949 3613 ad
973 3553 1124 3630 tempus,
1148 3551 1185 3611 ut
1207 3549 1244 3612 in

227 3639 426 3725 purgatorio.
450 3637 540 3716 ltem,
564 3640 650 3703 bona
675 3640 840 3720 praeterita
863 3640 1095 3704 damnatorum
1131 3636 1247 3704 valent

226 3729 269 3796 ad
291 3725 529 3812 mitigationem
552 3745 669 3808 poenae,
694 3744 762 3791 non
785 3727 827 3794 ad
850 3727 940 3794 aliud
967 3727 1155 3813 premium·
