2632 4212
412 159 487 208 orvr
512 157 659 210 osonum.
895 130 897 134 ’
952 149 1015 218 157

40 293 125 362 idem
161 297 347 379 objectum,
381 295 439 362 sed
466 295 557 380 large
585 299 630 362 et.
648 299 862 368 materialiter
892 303 1058 390 loquendo

38 384 93 464 sic,
114 383 204 452 sicut
224 385 368 469 negatio,
392 387 425 449 et
447 384 590 468 privatio
612 391 721 468 octus;
745 394 778 456 et
801 390 944 476 privatio
960 393 1058 461 redu·

37 474 124 543 citur
143 476 190 542 ad
212 473 478 559 affirmationem,
500 493 601 560 quam
624 477 783 562 sequitur.

9 561 81 630 Art.
105 563 136 632 7.
166 563 217 632 Au
237 573 392 647 peccorum
419 569 632 633 convenienter
660 565 816 636 dividatur
844 573 879 638 ιἰι
906 579 1059 656 prorutum

37 653 144 736 meritc,
170 655 245 735 oris,
268 656 430 738 cruperis.
454 657 490 739 rt.
513 655 581 736 Sic,
605 659 740 740 quando
763 660 935 744 quodlibet
958 665 1058 730 habet

37 743 214 826 perlectam
237 746 380 828 speciem
403 744 538 829 peceati,
561 764 654 812 secus
676 750 756 814 sunt
776 749 899 834 gradus
915 753 1056 832 tautum,

37 835 71 898 ut
94 831 274 915 inchoatio,
299 836 332 900 et
356 834 523 918 perfectio.

10 917 78 988 Art.
102 921 134 990 8.
158 921 210 992 Au
232 923 525 1010 superabundantia,
555 923 685 1010 desectos
707 923 914 1012 diuersifiscut
933 933 1059 1014 specium

31 1015 158 1096 peccori.
198 1015 233 1096 ri.
268 1011 340 1091 Sic,
368 1017 402 1078 et
430 1019 509 1081 sunt
536 1013 600 1080 sibi
627 1016 793 1082 contrariu
816 1015 851 1102 in
875 1017 996 1086 torma:
1021 1024 1058 1086 nt

34 1102 191 1185 aroma,
222 1107 257 1184 ‚et
284 1101 513 1188 studiositas
542 1106 576 1192 st,
604 1121 680 1193 cuo
703 1104 746 1183 sit
768 1105 938 1198 munuum
962 1110 1058 1194 ooo·

33 1209 111 1258 vum
135 1191 305 1276 inclinans
327 1195 370 1270 ad
393 1193 564 1278 diversor
587 1194 764 1280 noverum,
850 1199 853 1206 ’

10 1277 76 1349 Art.
99 1281 131 1348 9.
155 1278 207 1349 Au
227 1291 352 1365 peccato
374 1281 521 1364 differant
539 1284 635 1368 specie
657 1281 818 1354 seeundum
840 1283 973 1355 diuersos
996 1292 1055 1354 cir-

33 1374 242 1445 ouuntoutios.
274 1375 310 1457 ιι.
339 1373 371 1439 Si
400 1373 469 1438 sint
495 1392 537 1438 ex
566 1372 697 1439 diverso
729 1374 868 1454 motivo,
897 1376 1057 1446 differunt
1148 1427 1151 1450 .

33 1461 156 1546 specie,
188 1464 227 1526 ut
257 1460 293 1527 in
317 1463 409 1548 gula3
441 1463 576 1546 quaudo
600 1482 642 1528 ex
664 1461 780 1535 eodem
804 1463 945 1544 motivo,
970 1486 1056 1547 non,

31 1549 106 1634 quia
125 1549 296 1640 motivum
319 1555 368 1618 est
390 1552 569 1634 objectum.

361 1726 543 1818 consum
573 1653 726 1807 suurn..

26 1911 112 1978 De
145 1914 609 1992 comparatione
639 1917 1040 1992 peccatorum

339 2001 415 2066 ad
439 2003 723 2068 invicem.

12 2179 72 2248 Art.
98 2179 127 2250 i.
152 2179 334 2249 Aceronia
360 2186 482 2264 peccota
512 2181 579 2246 sict
604 2197 753 2246 coenoso.
786 2181 821 2265 ri.
855 2177 943 2261 Non,
978 2183 1056 2268 quia

30 2290 159 2356 semper
189 2276 270 2338 sunt
300 2271 484 2354 contrarie,
515 2274 549 2334 et
572 2288 640 2335 non
665 2269 849 2335 intendunt
873 2289 997 2350 unum,
1022 2273 1055 2339 id

31 2363 84 2440 est,
108 2362 260 2448 regulum
285 2359 439 2439 rationis,
463 2361 501 2425 ut
525 2357 681 2436 virtutes,
714 2378 776 2442 nee
800 2358 981 2426 intendunt
1004 2381 1055 2444 re-

30 2469 152 2517 cessum
177 2472 196 2518 a
223 2450 361 2528 ratione,
384 2449 443 2515 sed
466 2447 669 2526 delectabile,
694 2447 784 2531 quod
807 2451 855 2514 est
870 2447 1053 2529 diversum,

31 2544 60 2604 et
82 2540 305 2608 contrarium.
627 2539 630 2552 ’
753 2559 755 2566 ·

32 2629 125 2714 'Qui
152 2630 293 2704 offendit
320 2629 355 2694 in
388 2648 474 2708 uno,
504 2629 542 2694 fit
572 2627 724 2693 omnium
742 2645 853 2711 reus,
888 2647 928 2694 ex
963 2630 1056 2712 purte

30 2719 222 2800 aversionis,
248 2719 299 2784 vel
324 2722 489 2802 quantum
513 2718 555 2782 ad
580 2721 719 2783 reatum.
782 2725 786 2735 “

14 2809 70 2876 Art.
93 2810 127 2878 2.
153 2808 204 2875 Ao
229 2811 334 2874 omnio
352 2815 475 2892 peccota
497 2803 1055 2890 siutporio.1p.Non,quiaunum

31 2901 128 2984 magis
155 2897 269 2982 privat
292 2891 494 2962 rectitudine
517 2893 655 2962 rationis
674 2895 747 2973 olio,
773 2914 834 2960 nec
853 2899 932 2960 sunt
948 2915 1056 2980 sequu-

32 2989 68 3053 ιιι
91 2991 127 3056 in
154 2987 300 3076 malitia,
324 2986 402 3070 quia
426 2988 496 3051 haec
518 2984 662 3052 sumitur
693 3003 711 3049 a
742 2983 931 3066 privatione
959 2985 1057 3050 ratio-

32 3080 86 3144 nis.
111 3080 198 3145 ltem
223 3075 379 3160 privatio,
402 3095 477 3159 quse
500 3080 549 3140 est
572 3074 607 3140 in
632 3077 776 3158 peccato,
802 3093 869 3138 non
894 3077 943 3138 est
962 3095 1056 3158 pora,

32 3171 59 3231 ot
88 3168 250 3250 simplex,
282 3184 357 3250 quse
386 3164 534 3231 consistit
565 3165 600 3229 in
632 3165 789 3246 corrupto
822 3181 904 3228 esse:
938 3167 1056 3230 otest

32 3275 123 3335 mors,
150 3275 229 3342 quae
253 3275 322 3321 nou
347 3252 464 3338 recipit
488 3253 601 3338 magis,
625 3258 658 3318 et
681 3251 809 3332 minus;
833 3253 891 3318 sed
914 3254 963 3318 est
987 3273 1056 3318 non

31 3345 182 3431 simplex,
215 3349 248 3410 et
267 3343 403 3422 ,retinet
432 3342 557 3427 aliquid
588 3341 629 3410 de
652 3339 769 3408 habito
792 3341 958 3428 opposito,
982 3362 1056 3425 quae

29 3435 177 3504 consistit
201 3434 238 3500 iu
262 3431 451 3516 corrumpi:
474 3450 521 3497 un
545 3431 718 3516 aegritudo,
734 3429 768 3496 ct
783 3430 919 3514 suscipit
943 3431 1055 3514 magis,
1156 3503 1167 3518 ,

30 3529 60 3592 ot
81 3526 208 3594 miurus.
234 3523 315 3590 {tom
340 3524 483 3606 peccata,
507 3540 581 3607 quae
605 3522 729 3588 habent
752 3523 910 3608 majorem
928 3517 1057 3584 inordi-

32 3615 200 3684 nationem
225 3633 244 3679 a
267 3613 408 3691 ratione,
431 3611 510 3677 sunt
533 3609 636 3696 magis
659 3609 788 3696 gravia.

15 3703 71 3773 Art.
94 3706 126 3778 3.
151 3705 203 3774 Ao
227 3703 364 3788 provisos
386 3706 576 3786 peccatorum
598 3702 737 3770 varietur
759 3699 920 3771 sccumlom
943 3695 1057 3781 objecto
