2652 4198
244 111 289 184 56
562 135 603 183 ax
627 132 735 186 anim
759 130 876 185 ronan

222 286 234 310 *
258 283 302 370 Ly
325 289 563 371 eleuteropolim,
587 307 656 354 non
680 287 876 370 intelligitur
898 287 1081 353 seeundum
1106 289 1258 372 aequali-

221 377 333 453 talem,
357 377 414 442 sed
436 379 619 444 seeundum
642 377 904 443 similitudinem.
930 377 1008 442 ltem
1032 377 1164 444 daemon
1182 399 1258 444 na·

220 465 372 530 turaliter
394 470 482 532 aurat
506 471 659 533 naturam
683 467 826 548 alterius,
849 468 906 533 sed
930 467 999 532 odit
1015 465 1253 532 diversitatem

220 553 256 619 in
276 554 414 638 justitia.

196 641 264 710 Art.
288 645 319 711 5.
349 642 401 711 Au
418 645 560 729 <inpetus
588 649 774 715 naturaliter
807 645 1048 732 ‹liliputDoom
1079 646 1255 730 plusquam

215 735 355 816 seipsum.
391 737 427 820 ll.
462 735 660 803 Naturaliter
685 739 749 816 sie,
777 737 855 823 quia
878 736 1059 802 inclinatur
1083 736 1124 800 ad
1140 738 1254 802 ‘sum-

216 841 309 890 mum
341 827 483 903 bonum,
515 828 548 890 et
578 831 656 894 uta
680 847 748 912 quo
769 847 836 892 esse
859 824 972 910 angeli
995 825 1181 908 dependet,
1211 831 1252 890 et

215 913 250 977 in
287 915 377 999 quod
410 914 606 995 inclinatur,
642 921 681 982 ut
714 920 840 984 bouum
868 934 981 996 suum3
1009 913 1083 980 lieet
1116 914 1253 998 Angeli

215 1003 294 1068 mali
317 1003 445 1070 rationo
468 1005 600 1072 effeetus
623 1006 729 1072 odisse
751 1006 916 1072 dieantur.
1009 1022 1019 1036 ¹

578 1185 756 1269 nunsno
780 1186 854 1252 uxr.
891 1147 894 1152 ’

253 1367 351 1432 Da
368 1365 776 1450 productione
800 1370 1180 1446 Angelorum

463 1459 528 1522 in
553 1473 692 1523 esse
715 1463 966 1527 naturae.

194 1635 262 1702 Art.
288 1633 318 1702 l.
341 1635 390 1702 Ao
412 1633 524 1720 Artpoli
545 1635 676 1704 lateant
696 1638 887 1724 eorrsamvsot'
910 1655 979 1703 esse.
1008 1636 1043 1718 ll.
1067 1631 1134 1713 Sie,
1158 1631 1245 1716 quia

216 1730 295 1790 sunt
318 1728 405 1806 laeti,
429 1731 599 1793 eteorum
623 1747 690 1793 esse
714 1748 782 1793 uon
807 1731 855 1792 est
878 1726 1027 1791 essentia.

193 1814 262 1882 Art.
285 1815 317 1884 2.
340 1816 389 1882 Ao
412 1817 479 1883 sint
496 1819 636 1902 procincti
660 1837 678 1882 o
701 1817 764 1883 Deo
788 1815 824 1881 ol
846 1823 970 1882 eterno.
994 1817 1030 1898 ll.
1054 1813 1134 1893 Non,
1158 1813 1245 1895 quia

216 1906 311 1986 laeli,
342 1911 390 1972 est
419 1909 460 1972 de
490 1910 565 1974 lide.
594 1903 712 1990 Angeli'
731 1927 798 1972 non
821 1910 899 1972 sunt
922 1907 984 1970 sub
1007 1908 1174 1986 tempore,
1201 1906 1244 1968 ut

213 1999 263 2059 est
287 2016 445 2062 numerus
469 2003 576 2064 motus
600 1997 683 2074 coeli,
706 1998 764 2060 sed
786 1997 849 2060 sub
871 2015 952 2060 aevo.

192 2081 259 2150 Art.
284 2085 314 2150 3.
338 2084 387 2152 Aa
409 2089 476 2151 sint
496 2088 593 2152 creati
615 2093 685 2149 oola
708 2084 851 2150 mondum
875 2102 1060 2167 corporeum.
1090 2083 1127 2165 rt.
1148 2081 1241 2160 Non,

213 2173 291 2255 quia
314 2178 393 2238 sunt
417 2195 492 2257 pars
516 2173 650 2252 mundi;
675 2174 878 2240 contrarium
896 2194 965 2240 nnn
982 2177 1030 2238 est
1045 2189 1240 2249 erroneum,

212 2262 270 2326 sed
293 2261 492 2329 Graecorum.
516 2263 601 2329 Deus
625 2282 693 2328 nou
718 2267 766 2328 est
789 2282 863 2347 pars
887 2263 1045 2341 universi,
1061 2261 1119 2327 sed
1134 2280 1242 2344 supra

162 2392 166 2399 -
212 2355 336 2416 totum:
359 2354 436 2435 quia
459 2353 494 2417 in
517 2373 551 2417 se
575 2355 681 2418 totum
706 2355 884 2430 praehabet.
1011 2413 1014 2420 ,
1074 2411 1077 2424 ,

190 2437 258 2506 Art.
282 2440 313 2506 l.
337 2440 386 2508 Aa
408 2445 591 2508 siotorooti
620 2445 655 2508 io
687 2444 758 2507 eolo
793 2441 952 2526 Empproo.
990 2443 1024 2526 rt.
1059 2440 1128 2519 Sle,
1164 2459 1239 2506 nnn

212 2530 360 2612 quadiu
384 2552 451 2597 esse
474 2536 506 2597 et
529 2531 601 2598 fieri
625 2533 795 2615 pendeant
817 2552 836 2597 a
860 2533 951 2613 coelo,
975 2531 1032 2598 sed
1057 2530 1133 2615 quia
1152 2535 1237 2596 sunt

212 2619 401 2717 nobiliores,
423 2621 497 2688 ideo
520 2621 555 2688 iu
579 2622 671 2688 eoelo'.

560 2800 736 2886 Qunsuo
768 2799 854 2870 ιιι.

144 3040 160 3071 ,
256 2983 348 3051 Do
371 2985 756 3068 perfectione
787 2987 1165 3064 Angelorum

275 3077 340 3142 in
365 3093 504 3144 esse
530 3079 779 3158 gratiae,
807 3081 870 3139 et
893 3077 1143 3154 gloriae.

187 3248 254 3320 Art.
281 3251 310 3320 l.
333 3253 382 3322 An
406 3259 527 3340 fuerint
547 3260 582 3324 io
608 3274 663 3324 soa
691 3257 845 3321 creatione
877 3254 965 3321 leoli.
1002 3256 1038 3339 il.
1072 3253 1159 3331 Non,
1198 3252 1235 3318 in

207 3349 464 3426 supranaturali,
488 3348 545 3414 sed
569 3349 603 3412 in
628 3346 788 3424 naturali3
813 3365 881 3410 non
901 3351 1012 3410 tamen
1030 3363 1089 3428 per
1105 3345 1236 3410 discur-

206 3451 291 3512 sum,
314 3436 372 3500 sed
395 3438 517 3518 statim,
540 3456 614 3520 quae
638 3434 785 3500 consistit
809 3433 843 3499 iu
863 3433 1144 3518 contemplatione
1161 3437 1234 3506 Dei.

185 3519 253 3590 Art.
278 3524 309 3592 2.
333 3525 383 3594 Ao
406 3527 601 3612 inritauerint
624 3527 728 3607 pretio
757 3522 797 3590 acl
828 3527 882 3591 too
916 3532 954 3590 nt
984 3533 1235 3598 converterentur

207 3613 248 3678 od
277 3613 384 3685 Dema.
416 3619 452 3702 il.
484 3618 553 3696 Sic,
577 3617 653 3701 quia
677 3618 748 3680 erat
770 3631 870 3698 supra
894 3613 980 3682 vires
1005 3619 1134 3680 naturae
1158 3619 1234 3686 dili·

208 3723 285 3787 gere
315 3705 436 3786 Deum,
467 3711 504 3772 ut
527 3705 787 3787 beatificantem,
812 3706 853 3771 de
877 3723 943 3791 quo
965 3705 1150 3791 loquimur,
1173 3716 1234 3781 sed

207 3796 404 3865 naturaliter
426 3798 591 3876 amabant,
615 3797 653 3860 ut
675 3813 805 3864 eausam
829 3794 880 3860 sui
904 3813 983 3861 esse.
