2632 4212
405 213 408 222 ·
457 185 533 234 orrr
556 184 699 234 anonae.
989 169 1053 238 lli

49 257 432 271 m.
780 263 1066 275 ..m

326 441 329 448 ,
435 405 612 494 camno
642 408 715 476 mr.

102 555 201 655 De
225 593 563 658 virtutibus
589 593 1036 662 cardinalibus

46 768 115 835 Art.
144 769 175 836 l.
192 769 242 836 Aa
263 773 394 838 virtutes
423 773 552 840 romaica
581 772 708 840 (lateam
732 772 795 838 dici
829 772 1025 854 cardinato,
1054 778 1101 842 cel

64 860 269 944 principales.
307 863 343 944 ri.
378 861 526 944 Quatuor
548 862 613 942 sic,
641 862 720 948 quia
749 866 829 928 sunt
863 862 1099 945 perfectiones,

59 949 150 1033 ‚quia
171 951 256 1016 dant
279 969 349 1016 non
371 951 478 1019 solnm
501 953 690 1020 facultatem
707 952 786 1019 boni
801 953 921 1035 operis,
937 956 976 1016 ut
990 951 1093 1019 etiam

68 1039 156 1104 dant
180 1039 434 1121 intellectuales,
456 1043 515 1108 sed
537 1043 636 1108 etiam
660 1043 743 1108 dant
767 1043 893 1108 bonum
923 1059 1039 1120 usum,
1063 1047 1096 1108 et

69 1129 253 1211 prurientia
277 1131 407 1198 ratione
429 1132 576 1198 materie
599 1137 654 1201 est
671 1132 814 1216 quodam
834 1132 934 1200 modo
949 1130 1093 1211 moralis,

68 1217 145 1284 ideo
169 1219 309 1302 ponitur
332 1220 422 1286 inter
444 1221 638 1288 cardinales.

68 1306 217 1375 'Virtus
247 1313 296 1375 est
323 1312 386 1375 sub
413 1330 536 1395 genere
570 1311 750 1398 anmogico.
787 1307 868 1376 ltem
903 1307 1094 1395 theologicae
1215 1303 1224 1318 '

68 1400 150 1464 sunt
186 1417 290 1482 supra
319 1399 505 1482 hominem3
533 1401 608 1468 ideo
639 1421 707 1468 non
737 1399 897 1476 dicuntur
926 1402 1093 1466 humanae.

69 1486 153 1553 ltem
184 1488 415 1556 intellectualis
444 1494 493 1556 est
522 1487 749 1574 principaliter
779 1489 907 1557 ratione
936 1488 1093 1573 subjecti,

69 1596 139 1644 non
164 1578 295 1649 ratione
317 1577 451 1645 virtutis
473 1599 548 1664 quaa
571 1581 685 1648 estad
709 1583 845 1646 bonum.
1137 1589 1140 1593 ’

49 1665 114 1733 Art.
138 1666 172 1735 2.
194 1667 335 1738 An'cint
352 1678 484 1752 quotuor
506 1672 636 1740 virtuter
652 1669 838 1744 ‚cardinato
868 1671 903 1754 ri.
927 1667 989 1750 Sic,
1014 1668 1092 1753 quia

69 1758 198 1824 bonum
232 1757 371 1824 rationis
400 1763 449 1838 est
478 1760 513 1826 in
545 1759 740 1843 prudentia,
771 1759 858 1824 cirea
886 1757 1092 1841 operationes

67 1851 117 1912 est
135 1846 283 1930 justitia,
305 1847 392 1914 cirea
416 1849 581 1938 passiones
604 1848 839 1932 temperantia,
864 1850 898 1912 et
920 1847 1091 1912 tortitudo.

49 1935 113 2002 Art.
138 1937 172 2003 3.
194 1935 244 2003 Ao
275 1938 343 2004 alin
370 1941 500 2006 virtutes
524 1942 595 2008 aiot
620 1943 718 2022 magia
746 1935 893 2004 diccndc'
904 1936 1092 2019 prirroipclea

68 2045 159 2108 quom
193 2031 270 2094 tato.
307 2029 342 2110 ll.
376 2028 464 2106 Non,
499 2029 577 2113 quia
607 2030 750 2094 rationes
780 2026 934 2093 lormales
957 2024 1092 2092 virtutis

67 2119 147 2184 sunt
171 2117 401 2200 principaliter
424 2119 459 2186 in
484 2121 533 2187 his
555 2123 709 2202 quataaor.

49 2205 113 2272 Art
137 2205 173 2273 lt.
196 2205 246 2276 Aa
269 2214 400 2291 gnomon
421 2211 550 2278 cirtctca
573 2209 744 2276 cordirrclcs
772 2208 921 2290 differant
947 2205 983 2272 ct
1013 2207 1092 2274 iovi·

68 2314 139 2368 cem.
167 2299 203 2379 rt.
226 2295 290 2376 Sic,
314 2317 375 2380 pro
398 2298 590 2372 diversitate
613 2301 829 2381 obiectorum.

49 2383 110 2453 lrt.
134 2386 169 2452 5.
191 2384 242 2452 Aa
264 2391 394 2454 oirtctca
416 2389 585 2456 cardinales
609 2388 681 2454 boae
703 2388 882 2454 dividantur
905 2388 939 2450 ιἰι
960 2387 1092 2451 virtutes

67 2478 222 2557 politicas,
236 2481 447 2561 purgatorias,
460 2481 589 2564 purgati
599 2481 753 2560 animant
766 2476 961 2560 eccnrptcrca.
975 2476 1009 2558 rt.
1026 2471 1091 2550 Sic,

67 2569 220 2650 respectu
243 2566 314 2646 Dei,
338 2566 455 2656 (ride)

416 2695 594 2829 onnsrro
626 2744 714 2812 extr.

129 2930 225 2996 De
257 2931 592 2996 virtutibus
618 2926 999 3004 theologicis,

51 3103 110 3173 Art.
137 3109 169 3174 l.
195 3107 247 3174 Aa
271 3112 340 3174 strat
361 3111 469 3193 aliquo
491 3111 622 3174 virtutes
648 3105 828 3188 ltcolopicc.
858 3104 891 3186 ll.
915 3101 982 3182 Sic,
1012 3103 1090 3188 quia

69 3198 107 3264 de
129 3199 304 3281 tide‚‚spe‚
329 3203 363 3264 et
385 3199 543 3265 charitate
566 3197 690 3262 dantur
714 3194 877 3278 praecepta
903 3192 992 3277 legis,
1016 3212 1090 3276 quac

68 3291 144 3356 sunl
176 3290 221 3356 de
250 3289 377 3356 actibus
413 3288 587 3354 virtutum.
619 3284 698 3350 ltem
729 3287 827 3350 homo
850 3283 1024 3348 ordinatur
1048 3283 1089 3347 ad

70 3376 310 3445 beatitudinem
333 3378 638 3461 supranaturalem3
663 3393 741 3458 ergo
765 3373 892 3458 indiget
912 3370 1089 3436 virtutibus

68 3463 183 3534 intrisis
207 3488 227 3534 a
249 3469 318 3534 solo
340 3468 417 3547 Deo,
442 3471 474 3533 ct
498 3485 557 3548 per
580 3465 683 3530 solam
700 3464 937 3529 revelationem
953 3461 988 3526 in
1004 3459 1088 3525 Scri·

68 3557 163 3635 ptura
186 3559 380 3624 traduntur.

50 3641 111 3713 Art.
135 3645 168 3713 2.
192 3647 242 3715 Aa
271 3653 403 3716 virtutes
434 3649 603 3730 ttcotopicc
632 3646 864 3729 distorquentur
898 3639 935 3706 at
970 3640 1086 3706 intelte-

68 3735 232 3821 otcclitna,
263 3747 294 3805 et
314 3738 488 3807 moralitas.
520 3739 554 3820 ri.
584 3736 636 3803 Sto
658 3736 781 3820 specie,
805 3731 882 3816 quia
904 3749 1005 3813 supra
1028 3751 1087 3833 na·

68 3831 175 3898 turam
199 3831 352 3916 hominis,
376 3837 409 3902 et
432 3834 598 3919 objectum
613 3833 662 3898 est
676 3829 773 3908 Deus,
792 3828 830 3892 ut
847 3823 980 3892 ultimus
996 3819 1081 3888 tima
