2622 4210
285 63 351 136 3l‘0
543 87 590 137 rx
614 85 781 138 saeuum
807 85 983 139 suouuorr.

262 222 359 287 niale.
384 220 462 287 ltem
486 222 513 287 si
537 241 631 288 causa
651 220 818 308 jactantiae
848 226 896 286 est
926 225 1098 306 peecatum
1129 225 1299 302 mortale,

262 311 386 393 etipsa
410 314 559 376 mortale:
584 313 611 376 si
635 312 774 393 veniale,
798 312 923 395 etipsa
947 313 1088 377 veniale.

262 398 277 428 *
300 401 365 483 Qui
388 421 421 466 se
441 403 545 486 jactat
567 406 605 466 ut
623 401 734 486 jurgia
757 403 916 480 concitet,
944 406 993 467 est
1015 403 1168 482 mortale,
1195 403 1230 468 si
1253 405 1299 484 ja·

262 491 384 555 etantia
408 495 456 556 est
480 510 575 556 causa
599 511 658 575 per
680 510 714 556 se
733 490 939 575 jurgiorum3
961 510 1054 558 secus
1075 493 1103 558 si
1120 494 1172 557 est
1191 511 1299 559 causa

264 598 323 662 per
343 580 505 646 accidens.

607 732 910 843 oursrro'oxm.

564 941 662 1005 De
706 940 953 1014 ironia.

241 1119 309 1186 Art.
335 1120 364 1186 l.
388 1117 435 1184 Ao
460 1122 564 1184 irooto
586 1139 639 1201 prr
662 1137 751 1201 quom
775 1119 887 1200 aliquis
910 1118 945 1184 da
967 1137 998 1183 sc
1020 1118 1117 1202 fiopit
1142 1121 1299 1202 minora,

261 1213 306 1275 rit
323 1215 488 1292 peccatum.
512 1212 546 1293 ri.
570 1208 638 1289 Sic,
663 1227 738 1274 oum
763 1209 804 1272 de
826 1227 861 1271 so
884 1207 966 1273 dicit
989 1207 1071 1286 vile,
1097 1210 1192 1292 quod
1223 1229 1299 1274 non

263 1302 371 1378 habet,
395 1299 446 1362 vel
471 1303 569 1382 negat
593 1317 762 1382 maguum,
785 1299 874 1380 quod
899 1300 1006 1375 habet,
1030 1298 1109 1380 quia
1123 1302 1175 1361 est
1191 1317 1299 1362 men-

261 1389 403 1453 dacium.
438 1386 517 1453 ltem
553 1392 661 1453 tacere
697 1389 821 1472 majora
850 1390 883 1450 et
916 1387 1026 1452 dicere
1053 1386 1186 1452 minora
1215 1407 1299 1471 quae

262 1480 369 1554 habet,
394 1478 435 1543 de
457 1495 491 1542 sc
516 1497 582 1542 non
607 1482 655 1542 est
679 1480 848 1560 peccatum
873 1475 936 1542 nisi
960 1497 1000 1542 ex
1018 1475 1298 1542 circumstantia.

241 1566 572 1634 .trt.2.1loiroaio
604 1571 648 1632 stt
679 1571 776 1649 majos
808 1573 963 1648 prorutum
997 1585 1086 1649 quom
1115 1569 1298 1648 jactantia.

263 1660 298 1741 ri.
321 1659 408 1736 Non,
438 1659 514 1741 quia
539 1662 608 1722 lraec
635 1663 683 1721 ost
710 1679 749 1721 ex
775 1656 915 1738 turpiori
940 1657 1080 1734 motivo,
1105 1656 1139 1721 id
1164 1661 1221 1721 est
1248 1660 1296 1721 ob

262 1749 420 1815 honorem
454 1766 571 1830 magua
602 1746 699 1811 dicit:
730 1747 785 1829 qui
812 1765 913 1828 parva
936 1747 978 1810 de
1000 1765 1034 1810 se
1057 1746 1226 1823 ostendit,
1261 1751 1297 1810 et

261 1837 406 1901 intendit
428 1836 653 1901 excellentiam
675 1836 895 1918 spiritualem,
928 1838 978 1900 est
1000 1835 1161 1919 jactantia
1184 1836 1294 1902 simul

261 1946 337 1992 cum
361 1947 476 1991 rroura.

598 2101 782 2187 consuo
812 2099 912 2170 cxlv.

313 2287 404 2350 De
430 2285 699 2351 amicitia
724 2299 854 2364 quae
880 2261 1206 2350 affabilitas

634 2375 882 2441 dicitur.

238 2553 308 2618 Art.
335 2553 363 2620 l.
387 2552 436 2619 Aa
460 2555 596 2619 amicitia
618 2556 663 2618 sit
681 2554 820 2636 specialis
843 2555 953 2619 virtus.
983 2553 1018 2635 ri.
1041 2548 1109 2628 Sic,
1133 2551 1214 2635 quia
1240 2554 1289 2618 ai⁴

261 2643 400 2708 labilitas
434 2645 567 2707 ordinat
603 2644 770 2708 hominem
806 2641 1046 2709 corrveuienter
1072 2642 1114 2707 ad
1141 2641 1223 2707 alios
1249 2641 1284 2708 in

260 2731 427 2797 communi
452 2733 701 2798 couversatione
726 2737 793 2797 tam
818 2732 852 2798 in
876 2731 979 2808 factis,
1003 2747 1103 2815 quam
1118 2730 1155 2794 in
1172 2731 1283 2808 dictis,

261 2822 295 2888 in
320 2822 440 2905 quibus
464 2821 612 2888 consistit
635 2821 815 2888 affabilitas.
840 2821 921 2887 ltem
945 2821 1009 2886 illae
1032 2819 1187 2885 amicitiae
1207 2841 1285 2904 quae

261 2913 444 2977 consistunt
473 2913 509 2978 iu
536 2913 654 2979 affectu
683 2911 910 2994 principaliter
938 2931 1003 2994 quo
1026 2928 1114 2976 unus
1137 2909 1284 2975 alterum

260 2999 376 3084 diligit,
401 3005 536 3082 possunt
559 3021 627 3066 esse
651 3003 685 3067 in
709 3021 907 3085 quacunque
931 3000 1065 3065 virtute.

238 3087 306 3156 Art.
330 3089 361 3157 ἓ.
385 3087 433 3155 An
456 3095 517 3158 dcc
540 3091 704 3172 affabilitas
726 3094 770 3156 sit
790 3110 861 3172 pora
880 3092 1020 3172 justitio.
1050 3089 1085 3172 ri.
1109 3085 1180 3166 Sic,
1203 3089 1282 3172 quia

261 3185 309 3241 ost
332 3182 373 3244 ad
398 3183 553 3259 alterum,
586 3181 660 3244 licet
684 3201 751 3245 non
777 3183 894 3244 habeat
917 3179 1065 3244 debitum
1091 3177 1156 3242 uisi
1180 3181 1282 3243 houe-

260 3270 361 3333 statis.
