2604 4210
284 153 351 224 toi
540 171 587 222 ex
612 168 780 222 succum
804 169 981 223 securiore

246 248 697 268 m*

260 310 356 378 ‘Per
379 311 619 394 experientiam
653 307 840 392 aliquarum
875 329 991 376 rerum
1023 306 1287 396 cognovitne,

261 420 336 486 quae
359 419 428 466 uon
452 405 500 466 est
523 403 695 484 expertum
720 418 788 466 non
812 403 923 466 tamen
948 399 1103 484 Angelos,
1139 415 1209 465 nec
1229 397 1288 464 ain·

261 490 388 574 gularia
411 490 591 574 praeterita,
615 493 648 554 et
671 490 794 566 futura,
811 490 870 556 sed
887 491 957 556 haee
979 488 1140 574 cognovit
1168 507 1231 574 per
1246 487 1289 553 ia·

262 582 380 660 slusam,
402 597 461 645 εειι
485 579 639 645 inditam.

238 670 307 737 Art.
331 670 363 736 2.
388 669 440 736 An
475 670 615 737 Christus
647 671 812 755 profecerit
844 673 879 735 in
901 673 958 736 tac
993 670 1134 736 amentia.
1167 669 1206 752 it.
1230 667 1292 744 ste,

261 764 332 825 tum
358 760 467 844 quoad
490 760 651 838 habitum,
677 766 749 826 tum
772 759 882 843 quoad
905 761 1073 826 enectum.
1291 743 1292 822 i

262 849 274 874 ·
297 849 371 915 Haec
394 848 532 915 scientia
554 848 617 914 init
631 867 762 932 semper
778 849 923 932 perfecta
938 848 1125 914 seeundum
1148 851 1289 930 tempus,

262 957 331 1004 non
367 939 551 1004 secundum
587 943 760 1017 naturam,
783 937 863 1022 wquia
897 941 934 1002 ut
957 937 1005 1002 sic
1028 937 1138 1020 potuit
1161 935 1292 1020 augenp

260 1031 411 1095 secusde
435 1028 554 1105 intusa,
578 1028 629 1092 vel
654 1028 777 1096 divina.
873 1043 876 1048 ·
1291 1091 1292 1094 ,

239 1117 304 1186 Ast.
329 1117 360 1186 3.
384 1116 434 1185 Aa
460 1117 602 1184 Cirristna
625 1118 744 1202 attoniti
766 1115 802 1184 oi
824 1119 945 1186 tantm
968 1116 1122 1192 didicerit.
1145 1116 1188 1200 ii.
1216 1114 1292 1204 Non,

261 1207 340 1292 quia
363 1209 489 1291 primus
513 1207 645 1272 Doctor.
916 1221 919 1228 ’

257 1295 275 1326 ’*
297 1297 337 1362 iit
350 1298 485 1382 quando
501 1297 736 1381 interrogabat,
751 1301 823 1364 erat
834 1297 1044 1364 uterudirei.
1060 1295 1142 1362 {tem
1158 1292 1292 1380 dignius

238 1429 241 1437 ν
262 1391 311 1451 est
333 1387 482 1470 accipere
497 1386 621 1468 species
644 1392 903 1470 percreatum,
926 1405 1001 1471 qum
1027 1390 1107 1452 sunt
1128 1385 1230 1470 signa
1244 1403 1292 1450 sa·

261 1475 397 1559 pientiae
413 1475 482 1553 Dei,
499 1493 601 1559 quam
617 1497 677 1560 per
693 1495 788 1544 voees
805 1477 990 1556 hominum,
1007 1493 1082 1560 quae
1099 1481 1184 1541 aunt
1198 1475 1292 1558 signa

261 1569 442 1648 conceptus
464 1566 615 1632 humani.
729 1597 732 1600 ·

238 1653 307 1723 Art.
332 1653 363 1722 lc.
387 1653 437 1721 An
463 1655 601 1722 Girictns
624 1657 743 1741 aliquid
764 1654 1134 1741 cooperationisque.
1159 1657 1199 1739 ii.
1223 1654 1292 1720 Nou

263 1763 324 1827 per
358 1744 562 1824 doetrinam3
596 1748 654 1812 sed
689 1767 708 1811 a
741 1746 848 1814 Verbo
881 1746 1007 1830 accepit
1041 1762 1180 1812 omnem
1216 1744 1292 1810 doc·

261 1834 397 1900 trinam.

260 1921 276 1952 *
299 1925 373 1991 Fuit
397 1926 599 1991 confortatus
614 1927 657 1991 ab
679 1926 801 2011 Angeia
831 1945 898 1994 non
931 1942 990 2010 per
1007 1923 1289 2000 *instructionem

259 2014 318 2081 sed
334 2017 372 2080 nt
383 2017 571 2082 ostenderet
583 2016 834 2094 humanitatem,
850 2016 962 2084 anima
977 2035 1046 2084 non
1059 2013 1126 2080 tait
1140 2013 1292 2082 subiecta

236 2147 237 2152 κ
260 2104 529 2187 impressionibus
558 2104 687 2187 angeli,
722 2105 800 2191 quia
823 2105 982 2190 periente,
1013 2105 1072 2174 sed
1097 2121 1224 2188 carpus
1246 2101 1292 2168 sie

259 2193 531 2280 impressionibus
558 2196 729 2262 emiorum.

625 2371 805 2471 Qtifflit)
825 2373 904 2442 nui

289 2556 380 2621 De
405 2557 682 2636 potencia
708 2558 947 2623 animae
973 2557 1231 2626 Christi.

237 2729 306 2802 Art.
332 2733 363 2802 i.
386 2731 436 2802 An
459 2737 564 2801 oriimo
588 2735 705 2804 (inrisit
727 2736 869 2804 iainmit
891 2737 1143 2820 omnipotentiam
1166 2734 1289 2820 simpit-

259 2825 347 2890 ciier.
373 2825 408 2908 it.
432 2824 513 2900 Non,
538 2823 615 2909 quia
638 2829 686 2892 est
708 2826 882 2909 proprium
905 2825 976 2892 Dei.

262 2913 273 2937 '
296 2912 362 2980 Nisi
386 2915 421 2978 in
438 2915 739 2981 communicatione
755 2915 961 2993 idiomatum,
982 2915 1109 2982 ratione
1124 2932 1288 2998 personae.

260 3001 343 3068 item
378 3003 489 3070 anima
530 3003 649 3071 Christi
685 3006 801 3072 habuit
838 3005 1010 3072 seientiam
1048 3004 1289 3090 speculativam

257 3092 406 3180 creandi,
428 3094 486 3159 sed
510 3113 579 3160 non
604 3095 791 3176 practicam,
814 3099 849 3162 et
871 3093 1037 3162 teatinam.

236 3180 306 3250 Art.
331 3181 363 3249 2.
386 3181 436 3248 An
459 3186 563 3250 anima
589 3185 705 3252 Cicirri
718 3186 860 3254 tabuerit
875 3187 1126 3270 omnipotentiam
1149 3191 1290 3272 respecta

233 3275 483 3340 »immutationis
507 3281 727 3342 creatnrarnm.
753 3278 789 3360 ii.
812 3275 893 3354 Non,
916 3276 1079 3360 quianon
1103 3279 1216 3359 potest
1232 3295 1289 3342 aa·

258 3363 417 3442 nihilare,
452 3364 538 3430 solus
572 3363 662 3428 enim
691 3364 777 3432 Deus
813 3366 993 3443 annihilat,
1023 3369 1058 3431 ct
1089 3370 1289 3443 conservam

259 3452 317 3519 sed
341 3453 450 3536 potnit
473 3456 659 3537 gubernare
682 3473 801 3539 corpus
816 3474 925 3534 suum,
942 3453 1088 3541 dirigere
1111 3457 1209 3522 aetus
1227 3459 1288 3524 hu·

257 3561 384 3620 manas,
408 3543 595 3609 illuminare
617 3543 767 3610 homines
784 3546 828 3612 ad
843 3545 997 3630 gratiam:
1020 3545 1078 3612 sed
1101 3543 1191 3612 dicta
1217 3544 1286 3614 ani·

257 3651 324 3709 ma,
347 3635 386 3699 ut
407 3632 666 3700 instrumentum
683 3634 781 3702 Verbi
796 3635 905 3720 potuit
922 3635 1058 3703 efficere
1072 3653 1189 3706 omnes
1205 3655 1284 3722 ope·

259 3719 404 3797 ratione
426 3721 634 3791 miraculosus
663 3722 861 3794 ordinabites
891 3726 926 3794 in
950 3726 1053 3800 anem
1080 3726 1285 3798 incarnatio

952 3835 1001 3874 ,ιιι
1042 3843 1051 3882 ι
1104 3847 1110 3864 ⁸
1137 3837 1144 3856 ⁶
