2604 4210
422 139 499 192 nnn
530 135 676 191 rnonm.
959 121 1027 197 tlt

4 281 81 350 Art.
110 281 149 350 3.
172 279 223 350 Ao
245 284 345 349 omnis
368 283 419 347 irc
441 281 485 346 sit
502 284 657 362 peccatam
679 279 817 347 mertile.
842 281 877 366 ri.
893 278 980 360 Non,
1003 283 1061 350 sed

30 371 60 437 si
89 376 234 456 appetat
257 372 379 439 iniusta
409 369 567 449 vindicta,
590 371 624 433 et
646 367 693 434 sic
716 389 757 434 ex
786 388 906 455 genere
934 390 993 437 suo
1021 375 1070 439 est

31 463 205 543 nrortale;
222 462 287 529 nisi
303 464 354 528 vel
378 458 561 547 praeveniat
584 457 758 538 rationem,
774 460 827 526 vcl
851 480 892 525 cx
908 460 1070 545 parvitate

33 552 208 618 materiae.
233 552 314 619 ltem
337 553 444 639 potest
473 569 542 616 esse
564 548 705 614 mortale
731 569 773 614 ex
804 548 1069 631 circumstantia,

31 641 63 706 si
92 641 142 707 sit
165 644 283 710 contra
305 643 510 708 charitatem.

8 729 88 798 Art.
118 729 151 798 l.
175 729 225 799 Ao
254 734 305 799 irc
333 733 376 798 stt
396 731 609 816 pravissimum
635 735 800 814 peccatum.
825 729 860 814 ri.
883 729 971 810 Non,
994 729 1072 815 quia

34 821 183 906 gravius
206 824 254 886 est
278 820 402 899 odium,
427 825 460 886 et
482 818 621 894 invidia,
646 824 679 885 et
702 820 979 902 concupiscentia.

12 911 94 976 Art.
122 909 426 977 altmontem
450 909 521 975 lenc
544 908 671 989 dicerit,
695 909 837 976 iracundi
854 908 976 993 quidum
997 917 1074 1000 cont

36 1001 305 1085 amaricantium
339 1003 433 1082 ocuti,
458 998 579 1084 quidum
601 1000 751 1084 difficiles.
778 1000 812 1083 rt.
836 997 904 1079 Sic,
927 998 1004 1084 quia
1033 1000 1068 1067 in

36 1091 95 1155 ira
119 1094 171 1154 est
192 1090 328 1156 facilitas
352 1095 385 1155 et
407 1089 555 1154 firmitas,

13 1177 92 1245 Art.
118 1181 151 1247 6.
175 1179 224 1246 Ao
247 1182 363 1246 trusit
387 1182 498 1246 vitiam
527 1179 665 1268 capitote.
691 1180 725 1264 ri.
745 1177 806 1258 Sic,
830 1178 907 1264 quia
942 1197 982 1244 ex
1017 1179 1067 1247 ira

37 1271 153 1334 multa
176 1269 258 1336 vitia
281 1269 361 1337 oriri
385 1273 531 1353 possunt,
556 1287 632 1333 cum
666 1269 786 1334 habeat
820 1269 985 1335 obiectum
1009 1289 1066 1354 ap-

38 1359 192 1442 petibile,
217 1359 302 1426 idest
324 1358 517 1425 vindictam.

15 1447 91 1516 Art.
115 1447 149 1516 7.
173 1447 223 1514 Ac
247 1451 459 1517 conuenienter
487 1450 683 1532 ossipncctnr
712 1467 766 1515 scor
794 1449 866 1534 filio
901 1452 967 1532 irc,
991 1450 1068 1518 idest

39 1541 134 1620 ricc,
169 1547 269 1606 tamor
302 1542 428 1619 montis,
457 1539 654 1622 contumelio,
678 1539 807 1620 clamor,
835 1540 1009 1624 iodipootio
1038 1547 1069 1607 et

42 1628 241 1712 blasphemio.
267 1631 303 1713 si.
326 1629 388 1694 Sic.

19 1715 93 1783 Art.
116 1719 148 1784 8.
173 1717 222 1784 An
245 1721 289 1783 sit
309 1717 432 1802 aliquod
451 1721 563 1786 vitium
587 1723 754 1805 oppositum
778 1719 944 1787 iracundia
963 1739 1068 1804 procc-

42 1811 135 1874 m'cos
164 1827 203 1874 car
225 1809 338 1892 defectu
361 1811 427 1875 iroe.
452 1811 487 1893 ri.
511 1811 572 1890 Sic,
595 1811 622 1876 si
645 1811 696 1878 ira
717 1812 781 1874 stat
803 1829 863 1893 pro
878 1812 946 1876 zelo
969 1810 1067 1877 ratio·

43 1897 167 1977 nabili;
191 1898 273 1977 imo,
299 1901 331 1963 et
360 1898 506 1964 defectus
537 1900 609 1966 talis
638 1901 696 1966 irae
726 1902 776 1964 est
803 1899 935 1966 vitium.
958 1898 1065 1967 Passio

42 1986 112 2141 {iraet
127 1991 177 2142 etet
201 1987 289 2054 utilis
312 1992 350 2053 ut
373 1989 472 2054 homo
496 1994 648 2074 prompte
672 1992 854 2075 exequatur
869 1990 959 2077 quod
982 1989 1065 2060 ratio

69 2096 98 2142 rc
113 2097 132 2143 a
151 2128 158 2144 .

388 2256 568 2342 QUAESTIO
597 2256 698 2328 elix.

292 2438 383 2505 De
405 2437 794 2508 crudelitate.
840 2530 843 2540 ,

26 2616 89 2683 Art.
116 2616 147 2684 l.
173 2618 223 2684 An
251 2616 413 2684 crudelitas
441 2626 610 2702 opponatur
638 2620 813 2687 clementio.
838 2619 872 2704 rt.
896 2615 963 2699 Sic',
986 2617 1064 2704 quia

45 2707 97 2771 illa
123 2712 172 2772 est
196 2708 299 2772 cruda
323 2712 355 2773 et
377 2728 503 2793 aspera,
526 2712 607 2775 haec
624 2710 707 2776 lenis
730 2714 764 2775 et
786 2708 902 2776 dulcis.

24 2795 88 2864 Art.
113 2797 147 2864 2.
171 2797 223 2863 Ac
257 2797 420 2864 crudelitas
454 2798 616 2878 differatur
645 2797 777 2868 ‘saevitia
810 2818 862 2866 sco
891 2799 1063 2881 aleritotc.

47 2889 80 2969 rt.
105 2887 169 2964 Sic,
194 2890 232 2951 ut
256 2887 378 2954 malitia
395 2891 542 2954 humana
565 2909 583 2954 a
607 2889 810 2968 bestialitate,
824 2887 944 2974 quaein
958 2889 1064 2972 poenis

45 2975 237 3060 infligendis
259 2995 328 3043 non
353 2977 539 3044 considerat
564 2977 693 3062 culpam
716 2978 802 3064 eins,
826 2978 884 3062 qui
914 2979 1064 3062 punitur,

45 3066 231 3222 {ewam
260 3066 529 3152 delectationem,
553 3088 626 3153 quae
650 3088 718 3137 non
749 3074 797 3137 est
820 3069 983 3148 humana,
1006 3070 1064 3137 sed

71 3175 104 3221 es
122 3175 151 3220 ra
165 3175 202 3222 rs.
