2632 4212
256 97 322 162 loo
371 75 381 84 ”
544 101 589 159 nx
612 95 726 160 narnia
749 93 926 160 snounnnt

235 251 269 334 ιι.
294 248 330 314 ln
355 246 472 315 ordine
494 246 538 314 ad
560 246 662 311 linem
687 243 871 313 naturalem
894 241 959 322 sic;
979 241 1032 310 ad
1036 206 1155 319 Deum
1171 257 1259 308 nou

234 338 376 405 Virtutes
407 337 546 403 morales
568 333 771 419 acquisitivae
800 335 879 399 sunt
901 331 1118 416 imperfectae,
1149 331 1184 394 et
1206 347 1263 393 se·

233 428 381 494 cundum
405 426 486 511 quid
509 425 658 505 virtutes,
683 427 716 488 et
739 425 875 506 possunt
897 438 965 486 esse
988 420 1059 486 sine
1081 417 1259 495 charitate,
1306 453 1307 492 ;

232 517 289 582 sed
311 515 428 582 inlusae
452 536 532 594 non,
555 515 633 599 quia
657 514 819 668 perfectae,
843 515 877 576 et
899 495 1103 593 simpliciter.
1306 511 1307 528 ¹

75 649 101 660 κ
210 604 277 671 Art.
302 604 333 672 3
356 604 405 673 An
428 609 529 673 eterit
517 613 561 672 tos
581 605 680 709 possit
700 623 759 670 esse
782 605 849 670 sine
871 603 943 667 aliis
966 597 1134 672 uirtutibus
1157 615 1262 664 moro·
1306 611 1307 664 l

237 693 323 763 litos.
356 697 390 781 ιι.
421 697 511 774 Νοιι,
537 696 614 779 quia
638 694 777 758 morales
799 695 877 758 sunt
901 691 1018 756 infusae
1042 703 1196 766 cumea,
1222 692 1262 752 et
1306 699 1307 706 ’

232 783 348 852 amissa
371 787 531 852 charitate
554 804 668 850 omues
696 783 899 866 perduntur,
928 781 1004 844 lieet
1034 775 1173 850 virtuosi
1197 795 1262 858 pa·

232 873 357 940 tiautur
379 875 520 940 difficult
507 873 641 940 attam
632 894 667 939 m
691 891 806 938 earum
829 870 972 948 actibus,
1000 871 1041 933 ut
1068 865 1191 945 sancti,
1218 869 1261 930 ut

233 963 268 1028 in
293 963 503 1030 abstinentia

210 1051 277 1118 Αιι
302 1052 333 1120 l.
356 1051 405 1119 An
417 1053 498 1156 'fides
521 1060 552 1119 et
572 1072 636 1136 spes
656 1057 778 1136 possint
799 1027 859 1120 esse
874 1053 941 1117 sine
956 1046 1115 1117 ctoritate,
1135 1047 1170 1130 ιι.
1189 1045 1258 1110 Ιιιι-

234 1141 454 1245 perfecles1c‚
479 1145 536 1210 sed
559 1144 713 1226 perfecte,
737 1143 823 1208 vel
813 1164 848 1209 m
872 1145 959 1208 statu
984 1139 1139 1222 perlecto,
1159 1155 1260 1215 ιιοιι;

234 1232 301 1298 imo
334 1233 416 1298 tides
445 1237 479 1298 et
508 1249 582 1318 spes
615 1233 687 1298 sine
721 1232 881 1298 charitate
917 1249 986 1296 non
1014 1231 1093 1294 suut
1119 1225 1261 1309 proprie

234 1321 383 1401 virtutes,
408 1322 483 1408 quia
508 1342 575 1389 non
599 1325 685 1388 hene
709 1325 905 1406 operantum
928 1318 1028 1384 licet
1019 1338 1055 1383 m
1071 1334 1129 1382 sua
1145 1315 1261 1398 specie

197 1465 205 1475 .
230 1414 302 1475 non
327 1412 512 1493 pendeant,
541 1431 602 1478 nee
625 1432 644 1477 a
667 1411 842 1489 charitate,
873 1429 937 1475 neo
958 1428 976 1474 a
1000 1397 1212 1491 prudentia
1203 1421 1261 1469 rn-

234 1500 317 1577 lusa,
341 1500 481 1586 ideoque
504 1505 641 1584 possunt
664 1520 733 1566 esse
755 1501 827 1574 sine
850 1499 910 1565 his·
1083 1557 1085 1562 ,
1140 1523 1143 1526 ·

211 1585 279 1655 Art
304 1547 334 1655 3.
358 1588 407 1655 An
431 1594 564 1658 chorites
584 1593 682 1675 possit
706 1611 766 1658 asse
789 1593 855 1656 sine
884 1589 940 1671 ide
963 1593 993 1654 et
1014 1605 1077 1670 ιρι
1107 1586 1141 1667 ιι.
1164 1557 1259 1661 Non,

234 1678 311 1760 quia
346 1678 401 1745 illa
429 1679 606 1765 dirigimur
640 1681 682 1748 ad
711 1682 878 1764 objectum
908 1673 1137 1752 beatitudinis,
1162 1674 1261 1757 quod

233 1786 290 1849 per
313 1768 414 1834 tidem
437 1789 529 1854 spem
552 1775 714 1836 tenemus

234 1857 306 1924 ln
332 1858 427 1925 nobis
448 1860 591 1926 charitas
614 1865 662 1926 est
686 1859 781 1936 radix
805 1862 888 1926 dans
911 1856 1147 1944 perfectionem
1164 1851 1260 1931 lidei,

235 1951 267 2010 et
290 1949 376 2031 spei:
407 1949 443 2015 in
468 1949 593 2016 Christo
617 1969 686 2016 non
710 1950 775 2015 luit
797 1951 894 2027 tides,
919 1947 970 2012 vel
993 1965 1076 2028 spes,
1100 1942 1159 2007 sed
1179 1939 1260 2008 loeo

234 2037 353 2102 harum
378 2038 538 2105 visionem
563 2044 595 2105 et
617 2039 946 2122 comprehensionem
970 2035 1095 2101 habuit.

580 2214 759 2306 QUAESNO
783 2215 883 2285 LXVl.

326 2399 419 2464 De
443 2369 788 2478 aequalitate
812 2400 1134 2464 virtutum.

209 2575 277 2643 Art.
303 2575 334 2644 l
357 2577 406 2645 An
427 2578 527 2645 uirtus
548 2583 647 2662 possit
674 2599 735 2646 esse
764 2581 877 2662 major,
904 2579 952 2642 ael
981 2579 1093 2643 minor
1125 2573 1161 2656 ιι.
1185 2573 1257 2653 Sic,

232 2665 309 2750 quia
339 2667 380 2734 in
407 2663 474 2734 his
487 2672 593 2752 potest
616 2689 684 2736 esse
707 2672 939 2754 augmentum,
964 2671 997 2730 et
1020 2664 1121 2750 prout
1143 2663 1258 2748 aliqua

230 2754 334 2838 magis
357 2757 483 2824 aceedit
506 2758 548 2824 ad
572 2761 736 2826 rationem
761 2763 810 2824 est
833 2757 1024 2842 perfectior,
1048 2760 1081 2821 et
1104 2752 1257 2820 medium

230 2845 363 2912 virtutis
387 2867 456 2914 non
480 2847 586 2913 estin
611 2847 816 2927 indivisibili,
841 2847 899 2914 sed
923 2866 1036 2932 prope

206 2932 274 2999 Art.
298 2935 330 3000 Ξ.
354 2935 402 3004 An
425 2941 554 3004 oirtntcs
577 2940 669 3005 simul
692 2946 846 3032 monentes
866 2941 902 3003 in
917 2937 1017 3004 eodan
1032 2935 1099 3002 sint
1112 2935 1256 3018 nortales.

232 3025 266 3107 ιι.
290 3021 327 3089 ln
353 3025 480 3093 ratione
502 3028 663 3111 specifica,
690 3048 768 3108 nors,
788 3047 877 3112 quan
880 3031 952 3092 tum
969 3028 1011 3091 ad
1028 3024 1258 3110 participatio·

230 3131 308 3177 nem
341 3115 481 3198 subjecti
514 3120 593 3182 sunt
622 3118 762 3220 aequales
794 3117 980 3200 aequalitate
1012 3113 1257 3204 proportionis,

229 3205 327 3284 prout
351 3204 521 3288 aequaliter
545 3212 699 3271 crescunt
721 3205 806 3272 sieut
830 3205 924 3289 digiti
949 3225 1077 3272 manus.
1188 3235 1192 3242 ·

207 3288 558 3360 Ansamenses
587 3296 716 3362 morales
742 3297 963 3378 praemineant
984 3293 1258 3362 intellectualibus.

232 3381 268 3464 ιι
290 3382 479 3450 Secundum
502 3386 644 3468 speciem
668 3387 702 3450 et
724 3386 891 3467 objectum
915 3384 1153 3452 intellectuales
1173 3389 1259 3453 sunt

213 3472 425 3554 nobiliores,
452 3472 529 3558 quia
553 3474 698 3556 potentia
724 3475 757 3538 et
779 3477 945 3558 objectum
968 3479 1048 3541 suut
1070 3471 1257 3553 nobiliora,

230 3563 347 3628 sedin
372 3562 501 3629 ratione
515 3561 667 3642 uirtutis,
691 3568 740 3629 est
762 3563 905 3630 nobilior
928 3564 1068 3642 moralis,
1092 3581 1168 3648 quae
1185 3583 1258 3632 ma·

234 3650 283 3734 gis
306 3656 418 3718 movet
439 3653 481 3718 ad
504 3655 624 3733 actum,
648 3653 738 3738 quod
760 3657 810 3720 est
832 3653 916 3720 ratio
939 3650 1082 3722 virtutis.
1174 3683 1210 3692 ··=
