2604 4210
415 177 493 244 orvi
517 183 663 242 aucun.
953 171 1015 242 idi

40 333 186 397 tuamoto
211 331 247 414 ιι.
275 327 344 409 Sic,
378 325 456 412 quia
483 324 639 411 cognovit
670 324 824 409 Angelos;
855 327 888 390 et
911 328 949 390 ut
978 343 1067 391 com·

39 419 228 500 prebensor
244 417 316 485 eius
338 415 449 484 anima
473 435 541 482 non
564 415 767 482 subdebatur
788 413 931 519 corpori.

34 507 153 574 'Sine
177 510 416 592 phantasmate,
441 525 509 572 non
532 504 604 570 sine
627 503 808 588 speciebus,
831 503 910 588 quia
934 503 1039 569 erat
1028 524 1064 571 ιιι

33 596 100 663 atio
117 601 217 675 statu,
236 617 337 683 quam
355 613 430 674 nos;
454 598 583 680 poterat
603 597 714 659 tamen
739 611 798 675 per
823 595 1065 676 phantasmata.

11 683 80 753 Art.
107 687 141 754 3.
164 686 214 755 Αιι
236 689 299 754 ooo
321 686 452 755 scientio
474 685 572 770 [nerto
594 683 752 750 cottottoo.
772 683 806 766 ιι.
824 682 940 766 Quoad
955 682 1066 767 acqui·

36 775 195 842 sitiouem
222 795 304 855 non,
328 775 438 861 quoad
462 793 558 842 usum
580 771 641 840 sic.

35 861 48 887 '
70 865 109 932 tn
134 862 266 933 Christo
288 865 436 932 nonfuit
459 862 634 930 consilium
650 881 709 947 per
727 861 991 944 dubitationem,
1006 863 1065 930 sed

35 952 99 1022 tuit
122 955 300 1022 consitium
323 953 529 1038 simpliciter.

14 1039 79 1111 Art.
106 1044 138 1112 d.
163 1045 213 1113 to
235 1048 298 1113 huc
319 1045 449 1111 scientio
473 1047 507 1110 io
532 1042 653 1110 Christo
676 1045 779 1127 fucrit
808 1044 907 1108 motor
934 1045 1065 1110 scientio

32 1133 230 1220 Angelorum.
256 1136 292 1218 ιι.
314 1133 377 1214 Sic,
401 1132 479 1218 quia
502 1134 609 1216 ptura,
632 1135 665 1198 ct
688 1131 810 1198 certius
832 1132 1063 1218 cognoscebat,

36 1230 68 1290 et
91 1223 282 1310 perfectiori
305 1223 443 1290 iumine.
466 1222 547 1290 ttem
563 1222 638 1288 ticet
660 1223 730 1288 haec
751 1221 889 1288 scientia
904 1241 946 1287 ει
969 1226 1064 1306 parte

37 1313 209 1381 induentis
238 1312 339 1379 tuerit
374 1312 497 1393 maior,
531 1316 642 1376 tamen
673 1330 715 1376 ex
745 1315 839 1396 parte
873 1310 1064 1396 recipientis

37 1405 148 1489 quoad
172 1403 320 1483 modum,
342 1401 466 1468 scilicet
489 1402 599 1487 quoad
621 1401 874 1467 conversionem
897 1402 939 1469 ad
962 1404 1065 1487 phan-

38 1497 189 1572 taumata,
212 1496 245 1560 et
267 1492 466 1571 discursum,
489 1491 553 1558 tuit
575 1490 714 1556 interior
740 1491 903 1574 Angetica.

19 1583 81 1651 Art.
105 1583 139 1651 5.
166 1583 216 1650 An
240 1584 302 1650 tuo
324 1582 453 1648 scientio
476 1583 577 1665 fuerit
597 1579 774 1648 hottaootu.
799 1583 834 1666 ιι.
857 1580 919 1661 Sic,
942 1585 976 1647 et
1001 1580 1065 1647 tuit

39 1671 182 1740 univoca
206 1691 283 1738 cum
300 1674 425 1751 nostra,
440 1670 519 1754 quia
534 1668 644 1737 anima
667 1667 821 1755 intelligit
845 1689 904 1754 ρει
927 1671 1064 1736 modum

40 1763 190 1842 habitus,
223 1761 283 1827 sed
313 1759 458 1846 cognitio
483 1759 577 1826 beato
600 1757 720 1825 Christi
744 1763 815 1825 erat
837 1759 909 1826 sine
932 1758 1064 1841 habitu,

39 1857 69 1917 et
91 1852 149 1919 ilia
173 1851 395 1917 reducebatur
419 1849 596 1915 adactum
619 1867 680 1932 pro
710 1846 890 1915 voluntatis
913 1849 1064 1932 imperio.

22 1939 82 2008 Art.
102 1941 136 2009 o
161 1940 209 2008 An
232 1943 295 2008 hcc
316 1940 447 2007 scientio
473 1940 572 2023 fucrit
603 1937 750 2006 distincto
775 1957 832 2024 per
860 1938 992 2006 divorsos
1015 1941 1066 2006 tc·

40 2030 126 2100 titos.
155 2033 190 2116 ιι.
213 2028 266 2097 Sic
289 2049 349 2113 pro
372 2028 564 2094 diversitate
585 2027 766 2110 scibilium,
796 2027 874 2112 quia
903 2032 1066 2096 connatu-

41 2122 107 2188 rate
129 2125 180 2188 est
204 2118 348 2198 homini,
371 2122 409 2184 ut
431 2117 577 2222 singutas
600 2137 652 2187 ros
675 2119 842 2184 naturates
865 2139 925 2203 per
952 2118 1066 2204 singu·
1095 2199 1096 2202 ι

41 2212 84 2276 tas
118 2209 244 2295 species
271 2209 308 2276 in
333 2207 453 2276 minori
478 2207 728 2276 universalitate
749 2201 928 2295 intelligat,
963 2227 1065 2302 quam

42 2301 84 2368 tn
108 2301 163 2368 eti.

42 2322 163 2456 ligem
169 2387 310 2456 scientia
332 2385 452 2455 Christi
475 2389 610 2471 superat
632 2385 820 2474 Angeiicam
840 2388 1024 2474 respectu
1014 2408 1066 2455 rn-

42 2478 201 2556 tluentiae,
225 2498 294 2546 non
319 2481 431 2544 tomen
457 2481 610 2561 respectu
632 2477 783 2544 subiecti.
812 2477 893 2544 item
917 2476 1065 2545 Christus

42 2573 86 2634 cot
107 2573 227 2634 auctor
249 2566 326 2634 tidci
350 2570 472 2634 nostras
494 2567 680 2633 secundum
704 2565 854 2635 divinam
877 2566 1065 2648 scientiam,

43 2655 115 2742 quia
139 2657 222 2725 tides
245 2655 402 2725 innititur
424 2655 541 2742 primae
563 2655 707 2724 veritati.

414 2833 593 2920 dorsuo
617 2834 679 2903 ιιι.

239 3018 330 3084 Do
358 3018 620 3084 scientia
649 3019 863 3083 animan

256 3107 491 3174 christi
514 3109 831 3186 acquisita.

28 3279 83 3349 ιιι.
107 3283 140 3352 t.
164 3284 215 3351 Ao
237 3284 404 3353 secondom
431 3287 510 3353 horto
532 3287 692 3354 scientiam
729 3287 868 3357 Christro
893 3289 1071 3373 oopnooertt

45 3378 154 3442 morto.
180 3376 215 3458 ιι.
239 3373 376 3456 Omnia,
405 3393 480 3462 quaa
508 3374 586 3442 sciri
615 3381 752 3482 possunt
782 3379 906 3445 virtute
941 3378 1069 3444 intelle
1123 3421 1125 3424 .

46 3467 111 3530 ctus
136 3463 276 3550 agentis,
301 3483 344 3530 ιιε
366 3463 491 3551 aliquid
514 3465 630 3532 desit
620 3486 654 3534 ιιι
680 3465 819 3548 Christo,
834 3472 867 3534 et
881 3467 956 3532 sit
943 3485 1070 3551 tmper-

49 3549 164 3633 tcctus;
181 3559 216 3619 et
235 3553 421 3628 intellectus
436 3573 537 3640 agens
551 3573 609 3639 ρει
620 3555 813 3643 acquisitam
826 3556 942 3624 debuit
957 3556 1070 3624 omnia

50 3641 187 3798 sciret
173 3643 260 3710 sicut
296 3642 480 3712 intellectus
514 3645 673 3732 possibitts
702 3646 936 3776 perinfusam
957 3647 1070 3716 omnia

53 3733 130 3804 terri

11 3897 12 3958 ἦ
117 3819 351 3906 hortm
938 3826 985 3901 td
