2632 4212
465 73 541 126 mvl
564 71 713 144 unone,
896 36 899 47 ’
994 57 1054 123 lltl

70 209 129 284 Art
155 210 191 278 l.
218 207 267 279 Aa
293 211 422 294 justitio
455 212 555 279 virtus
588 212 631 276 sit
661 211 815 294 precipuo
849 212 931 276 iuter
965 213 1102 277 morales.

84 301 121 386 ll.
141 297 206 382 Sic,
230 301 308 386 quia
331 304 380 367 est
403 299 621 386 propinquior
645 300 777 379 rationi,
802 303 834 364 et
858 303 906 365 est
929 299 964 365 iu
985 301 1102 366 volun·

86 392 165 471 tate,
197 393 231 457 et
261 394 310 458 est
340 391 382 457 ad
412 409 462 468 se,
492 394 525 455 et
553 391 595 456 ad
618 390 706 455 alios.
730 387 810 454 ltem
835 392 907 473 post
926 390 1101 474 justitiam,

84 481 131 544 est
153 480 330 561 fortitudo;
355 481 453 546 terlio
476 480 547 546 loco
570 483 619 546 est
642 481 871 564 temperantia.

63 565 129 638 let.
152 571 185 638 t.
206 569 258 638 Ao
279 573 432 656 sapientia
454 571 497 636 sit
516 573 651 636 mooimo
667 572 749 637 inter
764 573 893 636 virtutes
912 571 1103 637 intellectuo-

85 657 134 725 le's.
158 662 195 746 rt.
217 659 271 726 Sic
294 681 335 728 ex
358 663 503 746 objecto,
531 660 609 747 quia
636 662 677 726 de
707 680 803 726 eausa
838 659 1008 739 altissima,
1045 681 1104 744 per

82 767 186 834 quam
207 749 436 819 consideratur
459 751 501 818 de
525 750 753 828 inferioribus,
781 749 921 835 ideoque
943 750 1104 834 sapientia
1220 827 1223 832 Δ

81 839 218 994 calloet
252 840 330 907 alias
365 839 505 907 virtutes
539 839 796 919 intellectuales,
831 839 924 924 quasi
958 839 1103 905 Archite-

83 948 102 993 c
138 949 224 996 urea.
863 940 868 954 ¹
977 957 980 960 ·

60 1015 134 1098 Are,
153 1018 188 1088 6.
210 1018 261 1088 Aa
283 1023 417 1090 claritas
439 1024 484 1090 stt
503 1024 640 1088 mcolmo
664 1024 745 1088 ieter
768 1015 897 1090 uirtutes
916 1021 1105 1104 tteolopicos.

86 1109 122 1194 lt.
157 1107 230 1178 Nou
267 1112 396 1178 ratione
430 1112 568 1196 objecti,
592 1110 670 1196 quia
693 1116 741 1176 est
763 1111 851 1176 idem
875 1113 910 1177 in
935 1111 1105 1187 omuibus,
1218 1104 1226 1116 ‘

82 1199 143 1266 sed
166 1220 209 1267 ex
232 1200 479 1286 propinquitate
502 1201 632 1285 objecti.
659 1201 739 1267 Nam
763 1203 843 1266 fides
866 1203 907 1266 de
932 1221 1000 1267 non
1026 1198 1107 1276 viso,
1203 1259 1207 1268 .

83 1306 160 1374 spes
184 1289 227 1355 de
250 1310 318 1357 non
343 1291 466 1370 habito,
481 1291 623 1358 charitas
638 1294 686 1356 est
710 1292 751 1357 de
774 1311 822 1372 eo,
841 1292 931 1376 quod
955 1290 1107 1364 habetur,

84 1379 165 1464 quia
199 1384 345 1449 amatum
380 1384 428 1446 est
457 1380 493 1448 in
520 1384 665 1462 amante,
688 1383 721 1446 et
744 1399 858 1448 amans
882 1378 1026 1446 trahitur
1049 1397 1108 1460 per

86 1469 245 1561 allectum
268 1471 310 1536 ad
334 1474 492 1540 amatum.

84 1555 101 1586 '
122 1557 195 1626 Non
218 1559 266 1626 sic
289 1560 325 1628 in
347 1560 538 1632 moralibus.

429 1737 609 1826 QuAEsuo
632 1739 746 1812 lxvll.

120 1922 215 1990 De
239 1919 565 1993 duratione
588 1926 892 1992 virtutum
915 1925 1054 2004 post

378 2017 553 2114 ¹‘hanc
577 2018 787 2082 vitam.

63 2190 133 2262 Art.
159 2189 191 2262 l.
218 2192 269 2260 Aa
301 2195 431 2264 virtutes
464 2196 593 2264 morales
626 2202 772 2264 moneoot
801 2201 872 2278 post
898 2196 976 2261 tooc
1006 2193 1110 2258 altaro.

89 2285 123 2366 ri.
147 2282 212 2365 Sic,
238 2304 305 2350 uon
329 2291 492 2369 quantum
516 2289 558 2352 ad
583 2287 766 2365 materiale,
792 2285 827 2350 id
850 2289 907 2364 est,
932 2285 974 2349 ad
999 2283 1111 2348 mode-

89 2391 208 2440 ramen
238 2375 443 2458 passionum,
473 2381 507 2440 et
529 2379 777 2460 operationum,
801 2376 859 2440 sed
883 2377 1045 2460 quantum
1069 2373 1112 2436 ad

86 2463 238 2542 formale,
261 2465 296 2530 id
319 2473 377 2544 est,
401 2467 444 2532 ad
468 2467 604 2531 modum
628 2467 799 2532 aratione
823 2466 1010 2530 definitum.

64 2551 133 2620 Art
157 2553 191 2622 2.
209 2551 260 2622 Aa
281 2558 409 2622 virtutes
433 2557 652 2624 intellectuales
672 2563 818 2624 moneant
829 2563 899 2638 post
913 2559 990 2620 tuoe
1005 2554 1109 2617 cltum.

91 2645 125 2728 ul.
150 2641 220 2724 Sic,
244 2663 313 2711 nou
336 2651 500 2730 quantum
523 2647 566 2714 ad
589 2649 836 2730 phantasmata;
865 2664 938 2729 quae
962 2661 1111 2708 currum·

90 2735 221 2814 puntur
249 2739 407 2820 corrupto
437 2754 594 2819 corpore,
624 2739 682 2802 sed
705 2739 869 2822 quantum
892 2735 935 2799 ad
959 2733 1111 2809 formale,

88 2821 123 2888 id
147 2826 207 2903 est,
231 2822 354 2906 specics
377 2823 609 2910 intelligibiles,
633 2830 666 2890 et
689 2824 831 2892 habitus.

66 2907 135 2980 Art.
160 2911 191 2984 3.
215 2911 265 2978 Aa
286 2913 359 2998 fides
381 2921 504 2982 meoeot
522 2922 592 2998 poet
612 2917 690 2982 loeo
713 2919 817 2982 attam.
850 2915 884 2996 lt.
916 2911 1004 2992 Non,
1035 2913 1112 2997 quia

89 3001 301 3086 imperfecto,
324 3023 382 3070 seu
404 3025 474 3072 non
497 3005 640 3085 clarum,
669 3008 717 3071 est
739 3005 782 3070 de
805 3003 946 3069 essentia
969 3002 1056 3078 fidei,
1081 3005 1114 3065 et

88 3090 293 3160 adveniente
330 3095 418 3160 clara
455 3093 582 3160 visione
619 3096 723 3160 cessat
760 3092 979 3178 imperfecti03
1020 3109 1113 3156 secus

90 3183 228 3268 maudo
256 3181 460 3268 imperiectio
487 3183 614 3252 accedit
636 3183 755 3268 speciei
778 3183 906 3250 ratione
930 3178 1114 3258 individui,

90 3273 175 3340 tuuc
196 3269 290 3339 enim
312 3277 438 3340 remota
461 3272 721 3356 imperfectione,
746 3274 896 3340 remanet
918 3270 1051 3354 species.

68 3357 135 3430 Art.
166 3357 200 3430 l.
229 3359 279 3430 Ao
312 3381 377 3448 spes
410 3370 532 3432 moneat
555 3367 626 3447 post
653 3369 780 3430 morum
810 3366 845 3430 io
878 3368 960 3429 stota
993 3360 1112 3440 plocio.

94 3451 128 3534 d.
151 3445 239 3531 Non,
263 3451 343 3538 quia
364 3451 475 3521 &neti
498 3451 625 3520 vident.
658 3452 738 3519 ltem
764 3473 837 3538 spes
860 3451 940 3518 dicit
963 3449 1117 3531 imperie-

91 3545 197 3624 ctum,
222 3545 261 3609 ut
282 3544 400 3609 motus.
425 3542 506 3610 ltem
529 3543 628 3610 timor
645 3543 752 3610 filialis
767 3546 815 3609 est
831 3542 866 3608 in
884 3538 1000 3624 patria,
1017 3540 1117 3622 prout

90 3627 201 3702 Mum
225 3633 409 3718 reveretur,
432 3631 582 3704 sednon
606 3636 644 3702 ut
666 3633 811 3720 separari
835 3626 1038 3698 reformidet.
