2614 4190
279 93 344 164 tra
533 106 580 160 ur
604 105 748 163 suuunn
772 103 949 164 cucuron

256 227 461 294 sacramento
485 244 545 308 per
567 228 696 294 motum
718 227 865 306 localem,
888 229 921 294 et
944 247 1008 294 nec
1029 230 1078 294 est
1099 227 1163 308 ihi,
1184 229 1272 294 utin

255 317 336 383 loco.
361 315 442 382 ltcm
464 334 565 399 agens
578 315 749 383 infinitum
765 316 929 383 convertit
940 321 1042 384 totam
1053 318 1274 384 substantiam

254 406 349 489 panis
367 405 403 473 in
427 403 602 486 Christum,
626 409 762 474 ethaeo
785 404 956 472 conversio
979 407 1103 473 dicitur
1119 411 1275 476 transub-

254 493 432 562 stantiatio.

255 585 266 610 *
289 585 424 652 Mutatio
446 583 601 651 formalis.
614 584 754 671 requirit
768 584 964 663 subiectum,
989 584 1073 652 idest
1088 586 1276 664 materiam,

253 673 331 760 quia
354 679 502 742 mutatur
524 675 591 741 sola
613 675 729 754 torma,
752 675 806 741 hic
829 692 909 742 vero
929 679 1051 742 totum.

230 763 301 832 Art.
325 765 357 834 5.
380 764 432 832 Aa
454 767 490 831 in
512 767 567 832 hoc
595 772 781 832 sacramento
804 772 962 832 remancat
982 765 1154 832 occidentia
1180 769 1276 850 ponis

254 861 286 921 ct
303 857 382 923 cini.
407 856 442 939 ri.
465 853 526 933 Sic,
550 857 584 920 et
606 858 695 938 patet
717 874 825 923 sensu.
848 854 911 921 Nos
932 858 1041 922 autem
1058 855 1094 921 in
1119 855 1276 923 acciden-

254 945 352 1024 tibus,
376 963 460 1029 quae
482 943 643 1026 videmus,
668 963 719 1011 res
741 942 945 1010 insensibiles
968 947 1181 1013 honoramus.

231 1035 301 1103 Art
323 1033 357 1104 6.
379 1035 431 1100 An
453 1037 535 1119 sactu
555 1037 780 1102 corrsccrota‘cnc
794 1036 830 1100 io
844 1036 898 1102 loc
912 1043 1100 1103 sacramento
1114 1043 1274 1102 ranciscat

252 1128 352 1210 sonno
373 1123 584 1192 substantiolis
604 1127 707 1210 pacis.
730 1125 766 1209 ri.
789 1123 872 1204 Non,
895 1124 973 1209 quia
994 1129 1064 1192 tota
1084 1125 1273 1194 sulstautia

252 1215 577 1282 transubstantiatur.

251 1303 265 1334 *
288 1304 523 1388 Forma-panis
544 1304 751 1372 convertitur
773 1302 809 1371 iu
832 1304 973 1372 formam
996 1302 1128 1384 Christi,
1150 1307 1193 1374 ut
1214 1306 1274 1374 (lat

251 1413 320 1461 esse
341 1413 548 1478 corporeum,
574 1414 643 1461 uon
667 1398 705 1460 ut
728 1394 784 1460 dat
806 1411 875 1460 esse
894 1395 1090 1462 animatum.
1107 1395 1197 1462 Deus
1215 1395 1275 1462 dat

250 1483 476 1552 accidentibus
499 1483 594 1569 panis
616 1483 760 1568 aliquam
794 1485 1020 1568 operationem
1056 1485 1195 1562 formae,
1235 1486 1303 1550 ut

250 1575 448 1642 confirmare
470 1594 527 1642 cor
549 1575 752 1654 miraculose,
778 1594 845 1644 non
869 1576 912 1641 oh
934 1575 1084 1653 formam,
1123 1575 1179 1640 vel
1202 1593 1274 1640 ma·

250 1664 378 1730 teriam.

227 1751 296 1823 Art.
320 1755 351 1823 7.
373 1755 423 1823 Aa
444 1757 516 1823 hoec
538 1755 691 1822 couversio
714 1755 772 1837 fiat
791 1759 827 1822 ic
850 1756 991 1822 instanti.
1017 1756 1052 1838 il.
1075 1751 1129 1821 Sic
1143 1753 1274 1820 virtute
1302 1791 1303 1830 ;

112 1927 114 1932 ,
248 1843 385 1925 diuina,
404 1847 457 1911 vel
481 1844 558 1931 quia
580 1845 781 1913 terminatur
802 1847 838 1911 in
868 1843 1085 1913 substantiam
1120 1843 1274 1927 corporis
1302 1885 1303 1920 ÷

249 1933 379 2015 Christi,
402 1939 435 2000 et
457 1935 503 2001 sic
525 1939 574 2000 cst
597 1935 633 2000 iu
656 1933 804 2015 instanti,
827 1935 880 2000 vel
904 1933 980 2019 quia
1020 1952 1088 2000 nou
1127 1937 1179 1999 est
1216 1951 1303 2004 su-t

249 2024 517 2108 hiectum,.quod
546 2023 726 2092 successive
750 2028 975 2111 praeparetur3
999 2024 1051 2089 vel
1092 2041 1134 2089 ex
1174 2026 1272 2107 purte
1302 2033 1303 2088 l

249 2115 383 2196 agentis,
407 2117 497 2199 quod
520 2117 568 2180 est
590 2113 741 2181 infinitae
764 2113 908 2181 virtutis.

250 2202 261 2226 *
288 2203 443 2271 Ultimum
466 2204 592 2270 instans
615 2205 807 2286 prolationis
831 2204 1010 2270 verborum
1033 2205 1082 2268 est
1118 2202 1269 2285 primum

248 2293 385 2374 instans,
408 2294 444 2359 in
467 2313 534 2378 quo
557 2296 606 2360 est
629 2292 793 2374 Christus3
817 2297 849 2358 et
873 2296 1002 2376 tempus
1026 2310 1095 2357 non
1131 2311 1269 2376 compo·

249 2383 340 2448 nitur
362 2403 409 2450 ex>
427 2381 635 2460 instantibus,
660 2403 722 2450 nec
743 2385 868 2450 dautur
891 2383 957 2448 duo
981 2380 1164 2462 instantia,
1188 2381 1268 2468 quia

247 2472 468 2540 intercederet
490 2476 633 2556 tempus;
657 2470 955 2540 immutationibus
978 2471 1200 2540 instantaneis
1223 2471 1268 2538 si·

247 2563 319 2628 mul
341 2568 389 2630 est
411 2562 494 2642 lieri,
517 2564 551 2628 et
572 2562 696 2628 iactum
719 2583 798 2630 esse.

224 2650 291 2719 Art.
315 2652 346 2720 8.
369 2651 418 2720 Aa
441 2657 511 2720 hooc
533 2654 578 2718 su
597 2653 687 2735 solco,
711 2673 748 2720 aa
768 2671 848 2736 pace
870 2654 910 2736 fit
929 2669 1036 2735 corpus
1068 2649 1197 2718 Christi.
1231 2654 1268 2736 ri.

245 2742 326 2822 Non,
349 2745 407 2808 sed
431 2762 499 2810 nou
523 2741 617 2825 panis
640 2748 689 2808 est
711 2761 830 2826 corpus
854 2739 985 2828 Christi,
1006 2740 1093 2808 sicut
1114 2760 1159 2806 ex
1189 2745 1269 2808 aere

245 2833 284 2897 srt
305 2852 400 2916 aqua,
422 2833 480 2898 sed
503 2851 571 2898 uon
590 2835 646 2897 air
669 2835 717 2898 est
739 2852 834 2918 aqua.
859 2831 961 2910 ltem,
984 2833 1118 2915 quando
1142 2849 1270 2915 propo·

243 2920 322 2996 sitio.
340 2925 540 3006 supponeret
563 2940 734 2988 remanere
752 2921 954 2998 subiectum,
978 2923 1062 2988 esset
1099 2919 1191 2998 laisa,
1230 2925 1270 2988 ut

245 3010 340 3092 panis
362 3015 468 3096 potest
491 3031 559 3078 esse
573 3031 692 3095 corpus
707 3011 838 3089 Christi,
856 3010 907 3074 vel
928 3011 969 3076 de
986 3029 1071 3093 pane
1087 3011 1126 3075 tit
1141 3027 1269 3094 corpus

244 3097 383 3181 Christi;
408 3101 471 3166 nisi
493 3104 676 3171 secundum
699 3101 868 3187 quandam
890 3099 1158 3180 similitudinem,
1182 3101 1270 3184 quia

244 3194 419 3256 remanent
441 3190 647 3256 accidentia:
671 3194 705 3255 el
726 3191 773 3256 sic
810 3189 945 3256 concedi
984 3193 1129 3272 possunt,
1170 3194 1270 3274 quod
1302 3221 1303 3230 ¹

244 3279 338 3362 panis
359 3279 402 3344 sit
423 3298 551 3364 corpus,
574 3279 627 3344 vel
651 3279 713 3344 erit
736 3297 865 3362 corpus,
880 3281 914 3343 et
928 3279 970 3344 de
987 3298 1071 3363 pane
1088 3279 1126 3343 tit
1140 3298 1269 3362 corpus

244 3367 380 3450 Christi;
403 3373 441 3434 ut
464 3368 599 3435 nomine
622 3369 716 3450 panis
739 3388 808 3435 nou
836 3368 1039 3452 intelligatur
1073 3369 1268 3438 substantia

244 3459 376 3540 panis,
397 3459 454 3524 sed
492 3457 647 3525 universe
671 3459 751 3536 hoc,
775 3457 865 3543 quod
886 3459 949 3523 suh
969 3457 1140 3542 speciebus
1165 3461 1269 3542 panis

243 3549 443 3628 continetur,
465 3547 527 3614 suh
549 3546 668 3632 quihus
690 3547 781 3632 prius
804 3552 875 3614 erat
889 3547 1083 3626 substantia,
1099 3551 1132 3613 et
1148 3553 1267 3632 postea

242 3653 361 3722 corpus
395 3635 522 3705 Christi.
560 3637 641 3704 ltem
679 3637 715 3704 in
738 3638 800 3704 hac
822 3638 1039 3706 conversione
1062 3641 1142 3706 sunt
1164 3639 1267 3724 plura
