2614 4190
410 75 413 82 ‘
436 79 513 164 nrm
535 77 694 134 rnomor.
964 59 1051 133 tet*

35 222 148 286 quae
174 221 235 286 per
257 221 292 268 se
314 205 393 267 sunt
415 201 449 268 in
473 203 590 280 Deum,
609 202 688 266 sunt
710 198 835 282 priores
857 199 1073 283 poenitentia,

38 313 138 376 quae
166 312 227 375 per
250 293 410 371 aooidens,
434 294 468 356 et
490 312 532 357 ex
553 290 778 374 suppositione
801 289 936 374 peceati,
960 293 1021 354 eto.

386 469 564 554 QUAEstlo
587 469 744 539 txxxvl

203 653 295 716 De
318 651 695 732 poenitentia
718 649 916 730 quoad

172 748 573 820 peccatorum
597 742 951 836 mortalium

254 851 257 856 ’
336 828 800 900 remissionem

19 1010 112 1078 Art.
139 1010 171 1076 l.
195 1007 244 1075 Ao
264 1011 548 1094 porpoeoitootiom
563 1010 666 1074 omnio
678 1007 1076 1093 protutoremoorootnrlrt.

51 1100 237 1167 Viatorum
260 1101 318 1176 sio,
342 1119 434 1166 seous
457 1101 672 1184 derogaretur
696 1097 839 1164 libertati
855 1097 1008 1176 bominis,
1024 1095 1076 1160 vel

53 1189 223 1255 elfioaeiae
245 1189 387 1270 divinse3
423 1189 481 1254 sed
509 1190 741 1255 damnatorum
778 1207 869 1273 non,
894 1186 970 1270 quia
1000 1205 1079 1251 oon·

56 1279 192 1346 firmati
216 1278 251 1344 in
276 1280 429 1386 malouet
452 1299 520 1344 non
545 1278 660 1344 dolent
697 1275 925 1360 depereatis,
955 1275 1012 1342 sed
1036 1275 1078 1339 de

59 1389 186 1451 poena.

60 1459 76 1482 ‘
104 1458 222 1543 Aliqua
245 1459 376 1542 peceato
400 1459 560 1524 dicuntur
594 1454 853 1537 irremissibilia,
892 1457 969 1543 quia
1009 1473 1078 1523 non

62 1547 165 1613 faoile
188 1548 417 1613 remittuntur.

36 1639 119 1704 Art.
144 1637 546 1722 ultramontanae
569 1643 724 1722 peecatum
757 1637 877 1704 remitti
907 1638 1014 1721 possit.
1042 1632 1080 1720 ῆι

62 1728 148 1793 Sine
171 1727 376 1810 poenitentia
401 1729 523 1794 virtute
547 1745 631 1808 non;
655 1726 727 1792 siue
750 1725 954 1811 poenitentia
968 1745 1076 1792 saera·

64 1821 185 1882 mento
209 1820 314 1900 potest
337 1817 462 1882 remitti
486 1838 505 1883 a
527 1817 605 1882 Deo.

67 1906 80 1929 ⁸
105 1906 144 1971 ln
168 1905 282 1989 pneris
299 1910 354 1970 'est
376 1905 704 1972 tantum'babitualis
728 1904 952 1982 deordinatio,
976 1903 1080 1970 etsie

63 1996 192 2062 suffieit
215 1995 336 2062 infusio
360 1995 534 2062 habitualis
557 1995 671 2080 gratiae
689 1997 723 2060 et
739 1997 920 2062 virtutumt
936 1995 970 2059 in
988 1993 1082 2060 adul>-

66 2086 110 2150 tis
136 2086 319 2170 requiritur
341 2087 476 2150 actualis
499 2084 638 2150 mutatio
661 2086 851 2172 voluntatis.

41 2175 115 2244 Art
143 2175 174 2243 3.
197 2173 247 2241 Aa
268 2195 323 2258 per
336 2171 563 2258 poeniteutiam
580 2176 680 2259 possit
704 2193 801 2243 urum
826 2182 981 2260 peecatum
1013 2175 1081 2240 sior

67 2267 133 2332 olto
157 2268 285 2331 remitti.
311 2266 347 2350 ri.
370 2263 451 2345 Non,
474 2266 553 2350 qnia
576 2270 741 2348 repugnat
763 2267 878 2351 gratioe
901 2270 935 2331 et
969 2262 1076 2330 dolori

68 2357 116 2422 de
128 2355 255 2420 oliensa
277 2353 348 2421 Dei.
475 2407 478 2412 A

72 2444 245 2510 Peooata
267 2447 347 2510 sunt
369 2462 518 2510 connexa
540 2447 706 2529 quantum
729 2444 781 2512 ad
795 2443 1012 2522 aversionem,
1036 2461 1077 2508 ex

69 2553 138 2620 qua
161 2540 212 2600 est
233 2535 366 2600 offensa.
391 2533 471 2599 ltem
495 2534 627 2601 dileetio
651 2535 820 2616 naturalis,
837 2555 902 2621 qua
917 2549 976 2602 nos
991 2492 1078 2598 fleus
1099 2541 1101 2548 '

69 2623 181 2708 diligit
204 2642 271 2691 non
295 2623 429 2689 ordinat
451 2623 494 2689 ad
518 2622 674 2709 gloriam,
693 2624 773 2691 ideo
812 2642 889 2693 eum
912 2643 949 2690 ea
973 2623 1083 2706 potest

70 2732 141 2780 esse
165 2715 338 2796 peecatum
361 2714 519 2793 mortale3
543 2713 601 2779 sed
624 2713 757 2781 dileetio
781 2715 914 2800 gratiae,
940 2730 1020 2780 non.

46 2801 118 2870 Art.
142 2802 175 2869 l.
199 2802 248 2870 Ao
270 2804 396 2869 remisso
418 2803 506 2886 culpo
525 2821 582 2888 prr
597 2805 828 2889 poenitentiam,
844 2801 1082 2872 reomoeotrru'·

73 2902 125 2960 tos
145 2910 269 2977 poenae.
294 2894 329 2979 tt.
344 2911 346 2916 ’
361 2891 550 2959 Remittitur
589 2897 698 2960 reatus
736 2900 889 2976 aeternus,
906 2899 948 2962 et
970 2895 1083 2962 manet

71 2983 274 3066 temporalis.
574 3001 577 3008 ’

47 3070 119 3140 Art
149 3072 182 3140 5.
211 3071 260 3140 Ao
281 3069 408 3140 remisso
429 3069 677 3158 ootpo'mortolt',
702 3073 853 3142 tollantur
880 3093 982 3143 rmore
1010 3072 1085 3138 relt-

72 3165 163 3246 qm‘oe
182 3166 309 3247 peceati.
335 3164 370 3248 b.
395 3163 576 3230 Remanent
611 3163 838 3248 dispositiones
872 3168 1021 3232 oausatae
1043 3180 1085 3226 ex

72 3252 203 3319 actibus
226 3251 458 3319 conversionis
475 3254 517 3319 ad
540 3255 717 3334 creaturas,
739 3273 815 3340 quae
841 3255 1000 3321 dieuntur
1029 3264 1084 3350 re(

74 3340 205 3427 liquiae,
221 3343 279 3408 sed
302 3341 490 3422 debilitatae,
515 3345 548 3407 et
560 3341 756 3410 diminutae.
884 3351 885 3356 ’

53 3429 122 3498 Art.
158 3431 190 3499 6.
219 3431 268 3498 Aa
303 3434 439 3498 remissio
463 3433 557 3515 colpe
579 3433 633 3498 sit
654 3434 775 3514 effectos
801 3431 1082 3518 poenitentiarii

77 3521 142 3600 Sio,
165 3526 203 3589 ut
225 3527 274 3586 est
296 3527 551 3600 sacramentum,
588 3524 677 3607 quod
717 3527 815 3591 babet
853 3543 912 3608 pro
947 3521 1083 3589 materia

77 3611 315 3694 poenitentiam
339 3611 498 3678 virtutem
521 3629 596 3677 eum
620 3613 790 3681 charitate.
