2614 4190
421 137 498 188 ιιιιι
522 135 659 190 nucum
965 117 1036 190 tid·

11 256 92 325 Art.
123 257 155 324 8.
179 255 229 325 Ao
252 259 466 324 convenienter
489 254 627 324 Christos
643 259 725 323 circo
740 259 875 324 homines
893 260 1002 342 fecerit
1018 261 1079 324 mt—
1188 285 1192 302 ι

38 347 326 432 rnento.1i.Sie,
360 346 437 430 quia
461 348 555 411 venit
589 366 649 430 pro
672 348 775 412 salute
813 350 976 428 humana,
1001 369 1079 432 ergo

40 438 304 522 cognoscendus
327 442 397 501 erat
420 437 515 503 Deus.

36 527 54 558 *
83 527 281 594 iustificatio
304 527 404 591 debet
427 545 494 592 esse
529 526 648 604 libera,
684 525 758 592 idco
781 546 850 592 non
878 527 955 592 lecit
978 528 1080 594 mira·

39 619 127 682 cula
153 615 241 682 cirea
279 615 437 682 animam.
472 616 551 683 item
587 616 704 680 modus
744 616 979 682 miraculorum
1011 627 1083 683 erat

39 725 132 770 cum
155 705 323 790 mysterio.
360 705 440 771 item
464 727 508 772 ne
537 724 723 792 quaeramus
757 707 888 771 laudem
925 707 1082 790 prohibet

40 794 156 880 loqui.

17 882 96 952 Art.
125 885 157 950 l.
181 882 230 951 An
260 887 473 952 eortoerticnter
502 889 585 953 circo
619 893 775 952 creatorae
810 887 1019 952 irrationales.
1046 887 1081 971 ri.

42 975 123 1051 Sic,
147 974 226 1060 quia
258 975 287 1038 ei
310 980 348 1039 ut
370 975 438 1041 Deo
467 977 579 1041 omnia
601 980 680 1039 sunt
713 975 873 1050 subiecta,
899 981 937 1041 ut
961 976 1083 1060 pisces,

44 1065 210 1128 liculnea.
234 1062 314 1129 llam
337 1065 430 1146 panis
466 1063 693 1148 multiplicatio
728 1084 796 1130 non
821 1063 883 1129 luit
909 1085 968 1148 per
991 1085 1084 1132 crea-

46 1154 194 1232 tionem,
216 1153 275 1218 sed
299 1173 357 1235 per
380 1154 583 1220 additionem
619 1157 766 1218 extranae
790 1154 954 1236 maleriae3
979 1158 1013 1220 et
1039 1154 1086 1219 sic

47 1241 88 1308 in
115 1242 366 1327 gubernationis
388 1243 543 1327 operibus
567 1261 633 1309 non
657 1246 706 1308 est
729 1257 806 1309 usus
829 1245 1008 1310 creatione.

414 1511 593 1597 QUAESTlo
617 1509 709 1583 XLV.

78 1697 179 1763 De
212 1695 759 1776 transfiguratione
785 1697 1041 1764 Christi.

33 1872 106 1943 Art.
133 1871 361 1959 l.1lofocrit
393 1875 573 1942 contorsione
609 1874 763 1942 diristom
797 1875 1091 1959 transponantur

57 1964 126 2044 Sic,
151 1966 190 2031 ut
212 1966 400 2031 ostenderet
424 1968 525 2030 linem
549 1964 803 2030 tribulationum
825 1984 894 2029 esse
917 1964 1067 2048 gloriam.

58 2055 72 2086 *
98 2053 223 2138 Figura
246 2053 294 2120 rei
318 2054 545 2122 consideratur
560 2055 596 2118 in
612 2053 820 2118 extremitate
843 2053 1000 2138 corporis,
1016 2055 1091 2120 ideo

61 2143 192 2210 dicitur
215 2145 489 2230 transfiguratus3
513 2147 638 2210 elnon
663 2143 698 2208 in
723 2143 793 2208 aliis
816 2143 963 2225 dotibus,
994 2149 1032 2208 ut
1056 2142 1091 2208 in

60 2233 212 2318 agilitate
233 2251 311 2299 cum
335 2232 518 2300 ambulavit
540 2251 640 2317 supra
674 2251 782 2312 mare3
811 2234 992 2301 subtilitate
1016 2251 1091 2298 curn

62 2343 106 2390 ex
131 2327 229 2389 utem
252 2323 366 2403 exivit,
389 2327 451 2390 etc.
733 2351 734 2356 ¹
787 2351 790 2358 ·

42 2411 113 2481 Art.
139 2412 172 2479 2.
191 2413 241 2480 Ao
264 2411 391 2480 claritas
416 2414 535 2482 Christi
558 2416 593 2480 in
618 2415 889 2498 transportatione
911 2414 1009 2498 faerit
1029 2413 1092 2478 oto·

62 2507 145 2570 ritas
168 2503 313 2586 ebrioso.
339 2505 373 2588 il.
397 2503 460 2582 Sic,
483 2509 647 2587 quantum
669 2507 712 2570 ad
736 2501 926 2583 essentiam,
950 2501 1029 2587 quia
1051 2503 1093 2567 ab

64 2595 179 2659 anima
202 2592 340 2678 gloriosa
362 2593 575 2673 redundavit,
598 2613 665 2660 nou
689 2595 853 2677 quantum
877 2592 1091 2670 admodum,

65 2682 145 2766 quia
170 2701 239 2748 uon
262 2681 327 2748 fuit
349 2701 558 2766 permaneus,
581 2684 639 2750 sed
662 2683 727 2748 luit
742 2702 802 2768 per
820 2684 955 2749 modum
980 2686 1092 2747 trans·

67 2772 190 2851 euntis,
213 2771 298 2837 sicut
310 2772 394 2838 visio
417 2771 504 2836 Beati
528 2769 631 2837 Pauli.

68 2861 79 2884 ¹*
105 2860 234 2946 Corpus
255 2859 376 2926 Christi
400 2861 551 2927 nondum
574 2864 646 2927 erat
669 2860 878 2941 immortale,
912 2861 986 2928 ideo
1010 2858 1094 2926 dici·

68 2955 125 3018 tur
152 2949 363 3034 assumpsisse
386 2949 540 3035 gloriam,
575 2969 649 3036 quae
680 2953 939 3034 repraesentabat
970 2951 1095 3035 glorio-

68 3059 154 3106 sum.
183 3039 275 3122 item,
291 3039 419 3106 claritas
435 3039 577 3106 vestium
593 3039 798 3125 significabat
813 3041 998 3106 claritatem
1014 3040 1097 3108 San*

70 3136 223 3212 otorum;
246 3133 280 3197 et
302 3129 358 3196 iila
380 3129 536 3214 corporis,
563 3129 653 3195 illam
680 3128 812 3196 Christi.

53 3217 116 3291 slot.
141 3221 174 3288 3.
197 3219 247 3288 do
269 3220 320 3286 illi
336 3227 396 3286 tres
419 3229 504 3288 testes
527 3222 739 3286 conuenienter
762 3222 883 3304 soortot
903 3219 1034 3288 indracti
1062 3221 1097 3304 ri.

72 3311 135 3391 Sic,
158 3311 239 3397 quia
260 3311 379 3395 partim
404 3315 651 3396 praecesserunt,
676 3312 798 3394 partim
813 3311 916 3378 secuti
933 3315 1022 3378 sunt.

74 3399 179 3468 Νοιι
202 3400 327 3486 Angeli,
350 3399 429 3486 quia
451 3409 519 3466 non
540 3403 663 3466 habent
679 3400 825 3484 corporis
841 3400 992 3484 gloriam·
1015 3385 1097 3482 ilem

74 3490 157 3557 Elias
177 3489 356 3574 apparuit
346 3510 382 3556 m
399 3489 534 3575 proprio
557 3509 705 3575 corpore.
729 3489 879 3576 blovses
870 3509 905 3556 m
922 3465 1099 3573 assumpto,

75 3587 112 3650 ut
133 3581 249 3668 Angeli
272 3599 432 3666 apparere
453 3581 572 3648 solent.
856 3609 859 3618 ·

141 3672 219 3740 uror
245 3668 373 3744 raom.
968 3654 1013 3738 ιι·
