2608 4220
296 103 363 188 let
438 199 443 208 ,
605 135 651 187 rx
675 120 933 186 eorrumpere

274 249 565 318 inconvenientem
588 251 658 331 fini,
681 250 759 336 quia
782 271 850 317 non
875 255 1031 336 poterunt
1064 251 1170 328 bene,
1195 254 1224 314 et
1242 247 1268 313 in

274 359 353 424 paee
377 340 511 408 educari
534 341 592 407 iiiii
627 341 805 408 muitarum
830 359 970 407 uxorum
1002 347 1036 406 ei
1069 337 1156 406 inter
1179 339 1270 404 fideles

272 428 545 514 significationem
569 427 698 515 Christi,
721 435 754 497 et
777 429 934 496 Eeolesiae.

250 516 319 585 Art.
343 519 375 588 i.
397 518 447 587 Aa
469 518 633 604 aliqnando
658 522 777 588 licitum
800 522 899 605 fuerit
918 517 1026 586 lotae
1044 519 1150 603 plores
1169 535 1272 585 oona.

273 609 309 692 ἡ.
333 607 385 674 sio
407 608 600 694 antiquitus,
624 611 725 677 ellarii
745 610 867 676 sanetis
891 607 1046 676 Patribus>
1063 628 1105 674 ex
1128 607 1276 692 dispensa·

272 695 364 764 tione
385 698 470 766 taeta
492 717 512 764 a
535 698 600 764 Deo
623 700 666 766 ad
689 697 996 782 multiplicationem
1026 697 1127 781 prolis
1149 699 1279 762 eduenn-

272 786 324 852 ‹1ae
346 787 389 853 ad
411 788 538 854 nultum
562 787 631 868 Dei,
654 793 687 854 et
711 788 880 872 pluralitas
894 806 1037 854 uxorum
1057 805 1126 852 non
1149 790 1196 852 esl
1210 806 1277 852 eon·

272 881 325 941 tra
347 875 493 961 primum
515 875 566 942 ius
588 881 727 958 nalurae,
743 878 801 945 sed
816 881 931 946 eontra
960 876 1104 942 secunda
1130 881 1278 959 praeoepta

272 965 415 1033 deducta
437 985 478 1032 ex
502 964 620 1050 primo,
644 971 677 1032 et
700 970 746 1034 sie
768 963 969 1052 dispensatio
984 965 1073 1032 eirea
1089 964 1278 1049 pluresuxo·

273 1073 325 1120 res
349 1075 416 1122 non
440 1056 716 1135 {arscennene
732 1061 853 1140 praeter
876 1056 1028 1123 ordinem
1044 1059 1181 1120 natura.
1197 1053 1279 1132 ilem,

272 1144 379 1211 eullus
402 1144 460 1210 Dei
484 1149 556 1229 post
578 1145 745 1213 Christum
769 1165 836 1212 non
860 1161 921 1230 per
943 1143 1110 1212 carnalem
1133 1161 1281 1229 propaga·

273 1232 409 1314 tionem,
431 1236 527 1300 utin
552 1236 655 1300 veteri
680 1238 765 1321 lege,
788 1237 846 1301 sed
876 1247 937 1320 per
968 1231 1171 1318 spiritualem
1195 1235 1284 1300 debet

272 1323 493 1408 multiplicari,
517 1329 551 1388 el
571 1326 773 1402 conservari,
798 1325 871 1392 ideo
895 1341 987 1391 nune
1010 1341 1079 1389 non
1108 1327 1155 1388 est
1179 1341 1282 1388 neees-

271 1412 357 1478 saria
380 1413 452 1478 talis
475 1411 685 1496 dispensatio.

249 1498 317 1566 Art.
342 1501 373 1568 3.
392 1499 444 1568 'Aa
466 1500 574 1569 lobna
594 1501 793 1572 oonoolinom
820 1503 863 1569 sil
895 1509 1003 1570 contro
1036 1502 1128 1586 lenem
1149 1507 1282 1567 nolum.

273 1591 309 1674 ri.
331 1589 393 1669 Sie,
417 1591 495 1675 quia
517 1591 577 1658 filii
600 1599 707 1660 essent
730 1592 975 1677 vituperabiles.
1000 1591 1096 1672 item,
1122 1591 1284 1656 mutrimo

272 1679 366 1744 nium
390 1685 439 1745 est
462 1683 633 1762 naturale,
657 1696 736 1766 ergo
759 1681 1000 1748 concubinatus
1025 1701 1099 1747 ⁴non
1122 1685 1172 1745 est
1197 1685 1285 1746 natu·

273 1769 365 1922 ralils;
401 1769 466 1836 imo
496 1769 531 1837 in
561 1775 624 1838 hoe
658 1773 764 1838 solum
799 1771 973 1838 deleolaiio
1005 1770 1190 1856 quaritur,
1225 1789 1283 1837 non

273 1876 387 1940 prees.
1159 1939 1161 1944 ¹

248 1945 317 2016 Art.
340 1946 371 2012 i.
394 1945 444 2015 Aa
466 1946 602 2016 oeoelm
623 1949 663 2017 ol
683 1949 880 2019 corentinum
902 1952 948 2016 sit
965 1955 1119 2034 mnemon
1152 1948 1284 2014 wool.

272 2038 309 2120 ri.
332 2036 395 2119 Sio,
418 2037 496 2121 quia
518 2039 664 2105 excindit
686 2059 705 2106 a
728 2059 831 2124 regno
847 2038 916 2105 Dei.

249 2124 316 2194 Art.
340 2125 372 2193 5.
395 2126 447 2192 Aa
469 2127 632 2212 olpnonlo
654 2131 752 2212 suerit
773 2130 892 2196 licitum
907 2125 1013 2196 lolem
1028 2125 1242 2193 maalmam.
1260 2127 1284 2206 ri.

270 2215 443 2301 Nunquam
468 2216 515 2282 fui
539 2217 677 2296 linitum,
700 2219 777 2302 quia
801 2223 850 2284 est
873 2222 988 2284 eontra
1005 2221 1211 2302 preceptum
1240 2217 1285 2280 de

270 2306 394 2389 eulogi,
418 2305 485 2371 imo
507 2309 556 2370 est
578 2313 693 2373 eontra
717 2307 822 2390 prima
858 2311 1020 2392 praecepa
1042 2306 1123 2388 legis
1150 2311 1285 2380 natura,

270 2413 345 2477 quae
368 2414 435 2460 nou
459 2395 681 2479 dispensatur,
704 2400 738 2461 et
760 2397 786 2462 si
810 2398 852 2463 de
874 2396 1018 2482 antiquis
1033 2396 1186 2481 patribus
1210 2395 1288 2478 lega·

270 2487 338 2562 tur,
360 2479 540 2550 dicendum
564 2487 616 2551 vei
639 2487 729 2570 quod
752 2489 948 2569 montona
972 2486 1025 2550 vel
1048 2489 1148 2550 erant
1173 2503 1238 2550 ux
1270 2512 1280 2537 ι

270 2577 434 2656 quantum
457 2574 499 2639 ad
522 2575 647 2640 bonum
672 2575 782 2660 prolis,
807 2595 875 2641 non
899 2579 1062 2660 quantum
1091 2575 1135 2640 ad
1157 2573 1252 2640 socie
1271 2618 1273 2625 »

270 2665 348 2742 tem,
370 2667 404 2728 et
426 2661 694 2731 communionem
717 2680 868 2750 operum.

623 2841 803 2927 QUAEsrto
827 2841 927 2913 exn.

292 3021 386 3088 De
407 2983 667 3104 bigamia
692 3028 754 3090 et
777 3024 1258 3101 irregularitate

498 3129 574 3181 ex
598 3131 670 3180 ea
695 3117 1034 3181 eontracta.

247 3285 315 3355 Art.
339 3287 370 3358 i.
394 3287 443 3358 Aa
465 3289 612 3375 binomine
632 3293 819 3358 altomuro
841 3288 1069 3374 irrepulorilos.
1101 3290 1138 3374 ri.
1164 3287 1247 3368 Sie,
1275 3316 1281 3339 ·-

270 3382 320 3443 esl
334 3380 468 3465 quando
485 3379 559 3466 quis
574 3383 672 3447 habet
686 3381 867 3448 snooessive
882 3382 995 3465 plures
1017 3395 1138 3446 uxores
1150 3379 1199 3446 de
1215 3379 1254 3444 iu

270 3467 323 3533 vel
339 3470 473 3554 quaudo
487 3469 586 3536 simul
602 3471 700 3537 habet
713 3472 806 3550 duas,
822 3489 923 3536 unam
935 3472 978 3537 de
989 3469 1073 3548 iure,
1086 3468 1238 3535 alteram
1269 3498 1272 3519 ι

269 3555 364 3639 teoto,
386 3561 439 3624 vel
462 3575 539 3626 eum
562 3560 672 3643 plures
694 3561 794 3627 heliel
814 3559 1006 3639 suspensive,
1022 3573 1127 3626 unam
1151 3557 1256 3626 dein
1279 3598 1281 3601 -

269 3645 405 3715 alteram
427 3649 470 3717 de
491 3651 588 3731 laeto,
611 3650 665 3715 vel
686 3667 765 3717 oum
791 3649 929 3718 viduem
963 3648 1058 3718 duoit
1079 3647 1117 3717 iu
1141 3666 1219 3716 uxo
1249 3675 1271 3704 u
