2608 4220
397 349 754 462 INDEX
839 358 848 370 ”

286 623 868 720 anmsnromusr

452 932 564 985 Pitititll
588 931 702 985 Pontis·

61 1226 238 1333 01{alefe‘saore
254 1285 366 1332 doctrine
381 1285 465 1344 qualis
481 1286 522 1342 eit,
540 1291 565 1333 et
580 1284 611 1332 ed
628 1294 692 1343 quae
711 1295 738 1331 se
761 1285 881 1334 extendat
946 1317 953 1331 ,
1015 1313 1023 1329 .

85 1349 100 1393 3
117 1347 152 1392 De
168 1347 228 1403 Deo,
244 1356 277 1390 an
295 1346 360 1392 iteus
382 1347 416 1392 sit
461 1373 1020 1393 .........

87 1407 101 1452 3
117 1406 152 1450 ite
168 1404 327 1462 simplicitate
343 1405 387 1450 liei

87 1467 101 1509 t
117 1464 152 1510 De
169 1463 211 1510 liei
229 1463 379 1521 {terleetione
400 1491 1021 1511 ..........

86 1526 100 1567 ⁵
117 1523 152 1568 De
167 1522 232 1568 bono
248 1523 274 1567 in
289 1521 414 1569 communi

86 1584 101 1626 6
119 1582 153 1627 [ie
169 1580 280 1627 bonltate
291 1579 338 1626 Del

87 1643 100 1687 7
118 1640 154 1686 De
171 1639 295 1686 lnilnitate
311 1639 355 1685 Del
395 1669 1016 1687 ..........
1060 1633 1096 1681 ivi

86 1699 152 1745 Sile
168 1699 303 1744 existentia
318 1699 364 1746 liei
382 1699 407 1745 in
423 1699 499 1746 rebus
536 1728 1022 1747 ........
1081 1697 1096 1742 7
1140 1722 1161 1736 κ

87 1760 102 1803 3
118 1759 154 1803 De
170 1757 375 1804 immutabilitate
391 1759 435 1804 Dei
464 1785 1020 1805 .........
1082 1756 1098 1800 8

73 1818 103 1863 lo
119 1818 154 1862 ite
170 1817 320 1863 aeternitate
336 1819 380 1864 liei
1061 1812 1067 1824 ’

72 1877 101 1921 ii
118 1877 154 1922 lie
169 1875 266 1922 unitate
282 1875 326 1921 [iel
1081 1873 1096 1916 3

72 1936 103 1980 is
119 1935 245 1990 Quomodo
260 1935 327 1981 lions
342 1947 357 1982 a
374 1934 446 1982 nobis
462 1940 625 1992 cognoscatur
674 1962 1022 1981 ......
1068 1930 1097 1975 i⁰
1134 1952 1153 1967 *-

71 1996 101 2040 le
118 1990 374 2041 nonominibnsiiet
1068 1989 1097 2036 ¹²
1125 2027 1145 2042 a.

71 2054 101 2099 it
116 2052 152 2098 De
168 2052 274 2098 scientia
289 2051 334 2099 oei

71 2110 232 2157 tonaieels
260 2137 1019 2159 ............
1060 2105 1098 2152 lvi
1133 2130 1156 2144 ω

71 2173 101 2217 le
116 2171 152 2215 lie
167 2170 274 2216 veritate
732 2174 734 2176 ’

71 2232 101 2276 l⁷
118 2230 153 2274 De
170 2228 280 2276 ialsitaie

72 2289 152 2336 istie
168 2287 220 2333 vita
236 2289 279 2334 liei

43 2405 102 2451 aio
120 2407 156 2451 lie
171 2409 261 2453 Amore
276 2405 318 2454 liei
1121 2439 1143 2452 ..

70 2465 99 2509 31
118 2466 153 2510 lie
169 2465 280 2522 institia,
297 2470 322 2511 et
336 2464 511 2513 misericordia
527 2465 570 2512 liei
601 2493 1020 2511 .......
1065 2462 1096 2506 2²

70 2523 102 2569 33
118 2525 153 2570 lie
169 2523 330 2572 Providentia
347 2525 390 2570 liei
817 2551 819 2556 ·
1066 2521 1096 2565 ²3
1151 2578 1153 2580 ,

70 2584 101 2628 33
118 2584 153 2628 De
169 2583 401 2630 praedestinatione
1128 2599 1143 2612 ⁸

70 2643 101 2688 et
117 2643 153 2688 lie
169 2641 234 2688 libro
250 2642 316 2688 vitae
400 2674 406 2688 .
468 2676 474 2688 .
535 2637 582 2687 .'
604 2670 1021 2689 .......
1061 2635 1097 2706 ,36
1126 2655 1148 2670 κ

70 2703 102 2746 35
118 2702 153 2748 lte
168 2699 256 2748 divina
271 2701 384 2758 potentie
469 2730 1021 2748 .........
1061 2695 1096 2739 ivi

69 2761 101 2805 36
119 2761 153 2806 lie
168 2759 255 2805 divina
270 2759 426 2808 beatitudine
467 2788 1020 2814 .........
1068 2755 1097 2801 37

69 2821 100 2865 37
117 2820 152 2864 lie
167 2818 324 2875 processione
339 2819 483 2865 divinarum
502 2828 664 2876 personarum
740 2846 1020 2866 .....
1060 2813 1096 2860 ivi

69 2879 101 2922 28
117 2878 152 2922 lie
168 2876 333 2923 relationibus
348 2877 442 2923 divinis
532 2905 1019 2924 ........
1065 2873 1096 2920 33

69 2938 100 2981 33
111 2936 147 2981 lie
163 2937 277 2993 personis
292 2935 387 2982 divinis

70 2997 101 3040 3ο
116 2996 150 3040 ile
185 2993 313 3042 inretitate
328 2996 494 3041 Personarum
514 2995 538 3041 ln
554 2996 649 3043 divinis

70 3055 98 3098 31
117 3054 152 3099 lie
167 3006 218 3109 Eis,
231 3063 298 3122 ¹quae
315 3053 479 3100 alienitatem
497 3059 521 3100 et
538 3054 710 3112 pluralitatem
727 3053 897 3112 pertinentia
914 3052 1014 3102 iiivlnls
1068 3053 1097 3099 33

69 3115 100 3156 33
116 3112 150 3156 iio
165 3113 308 3167 cognitione
323 3112 468 3160 divinarum
480 3113 646 3160 Personarum
1069 3113 1098 3157 33
1128 3129 1150 3142 *¹

38 3215 53 3226 ,
69 3173 100 3216 33
116 3171 151 3215 De
167 3172 276 3216 Persona
291 3170 372 3216 Patris
397 3202 1022 3220 ..........
1069 3173 1098 3217 st
1124 3187 1141 3198 -

70 3233 100 3274 33
117 3230 151 3274 lio
167 3229 276 3275 Persona
291 3228 350 3275 Filii
397 3261 1022 3280 ..........
1069 3231 1097 3274 te
1125 3249 1143 3263 ·-

68 3289 98 3332 35
116 3288 151 3333 lie
167 3286 279 3342 imagine
333 3319 1023 3339 ...........
1069 3289 1098 3332 36

68 3347 148 3392 attile
164 3356 271 3403 persona
287 3345 395 3404 Spiritus
411 3346 494 3393 Sancti
534 3380 1021 3398 ........
1062 3346 1098 3391 ivi
1138 3377 1163 3390 ..

69 3409 98 3451 37
117 3406 150 3450 lie
167 3405 271 3451 Nomine
288 3404 399 3462 Spiritus
415 3405 509 3464 Sancti,
526 3408 570 3466 qni
587 3414 624 3456 est
641 3411 715 3456 Amor
743 3437 1022 3456 .....
1069 3408 1097 3452 ei
1129 3428 1149 3446 κ

68 3463 748 3524 :tolieilomineSnirltnsSanotiquotiestlionnm
809 3503 816 3515 .
878 3501 885 3515 .
946 3499 953 3513 .
1015 3463 1098 3510 ·lii

69 3525 98 3568 39
117 3523 149 3568 ite
167 3523 283 3568 Perennis
299 3525 330 3572 ad
348 3525 484 3572 essentiam
503 3526 589 3572 relatis
1068 3523 1096 3569 ³8

68 3585 99 3628 to
115 3581 149 3628 lie
167 3581 283 3629 Personis
299 3581 324 3630 in
341 3585 530 3642 comparatione
548 3584 579 3631 ed
596 3584 732 3632 relationes
750 3585 803 3630 sivo
821 3585 997 3645 proprietates.
1015 3616 1021 3626 .
1068 3581 1097 3627 ili

69 3643 95 3690 ti
114 3641 149 3688 lie
166 3640 283 3688 Personis
299 3641 326 3686 in
343 3644 529 3701 comparatione
545 3643 580 3693 ati
593 3649 664 3693 ottus
675 3643 816 3692 notionales
876 3677 882 3691 .
946 3680 952 3690 .
1014 3675 1021 3688 ·
1067 3641 1097 3688 tt

147 3717 226 3790 oet
252 3718 378 3792 mame.
426 3733 432 3746 '
967 3717 1010 3788 el
