2632 4212
330 182 333 184 -
387 95 487 157 Δεινι
517 105 663 158 rnoun.
948 80 1011 160 ute

29 238 139 322 tcriae3
163 241 312 306 secundo
334 245 584 326 consequenter,
609 245 646 309 ut
668 243 793 311 malitia
816 244 973 324 bonitati3
991 251 1056 334 ter·

29 331 87 408 tio,
114 334 154 396 ut
178 334 349 414 peccatum
373 332 461 398 actui
483 332 642 402 virtuoso.

8 415 75 484 Art.
101 418 133 486 2.
157 419 208 486 Ac
230 423 341 487 vinum
363 425 535 490 atterutro
558 432 711 492 caturam.
737 426 772 508 rt.
788 423 841 491 Sic
855 424 891 490 in
907 424 1056 509 qualibet

28 527 77 584 re,
104 511 333 602 contrariatur
355 513 489 591 virtuti,
513 533 588 598 quae
612 520 661 581 est
681 515 866 581 secundum
890 518 1055 581 naturam.

8 595 75 662 Art.
101 599 133 664 3.
158 597 209 665 Ao
230 603 344 666 vitium
365 605 409 667 cit
427 606 523 686 pejor,
549 624 637 688 poam
653 612 738 672 octor
752 607 891 670 vitiosos.
909 607 944 688 rt.
960 603 1057 670 rictus

31 688 139 754 mains
172 693 221 754 est
250 693 343 775 pejor
372 693 486 758 habitu
511 696 612 775 malo,
638 695 715 779 quia
738 713 798 778 pro
821 695 877 759 illo
900 693 974 778 quis
997 713 1057 777 pu·

31 777 143 856 nitur,
176 799 236 862 pro
266 782 329 850 hoc
358 799 467 848 nemo.
499 783 579 848 ltem
611 784 742 850 habitus
766 801 833 850 nou
864 786 914 848 cst
935 785 1057 858 malus,

31 867 96 1019 gisi
119 869 200 953 quia
224 869 363 936 inclinat
385 873 427 936 ad
451 877 562 939 actum
585 875 725 954 malum;
756 891 852 958 crgo,
879 876 941 938 etc.
966 871 1055 937 idern

54 977 74 1020 ε
102 959 201 1025 bono.

12 1043 77 1113 Art.
102 1047 133 1110 l.
158 1047 208 1116 Aa
232 1058 385 1134 peccatum
407 1054 500 1120 simul
520 1057 617 1138 poerit
639 1073 699 1121 crac
717 1071 784 1120 oum
799 1055 924 1120 virtute.
942 1051 977 1136 ri.
994 1051 1056 1129 Sic,

31 1155 108 1202 cum
132 1139 252 1224 habitu
276 1143 419 1223 virtutis,
442 1145 521 1228 quia
544 1163 611 1210 non
633 1141 859 1226 corrumpitur
875 1159 934 1224 per
951 1159 1066 1206 unum.

33 1231 155 1294 actum.
182 1227 263 1295 ltenr
287 1232 403 1298 inlusae
427 1234 590 1298 tolluntur
611 1252 671 1317 per
689 1235 861 1317 peccatum
878 1230 1056 1308 materiale,

33 1321 64 1380 et
88 1320 227 1401 qnando
249 1321 331 1386 tides
354 1324 388 1386 et
408 1341 480 1406 spes
508 1327 646 1406 manent
676 1323 850 1400 intorrncs,
880 1339 949 1386 non
978 1322 1058 1385 sunt

34 1407 187 1488 virtutae,
211 1411 379 1495 acquisitae
403 1416 551 1479 manent.
576 1411 656 1478 item
680 1414 751 1478 tum
776 1414 909 1496 peccato
934 1408 1058 1475 veniali

34 1515 149 1564 omncs
180 1497 323 1566 virtutes
356 1520 423 1566 esse
457 1505 608 1585 possunt,
641 1501 718 1587 quia
742 1521 810 1568 non
834 1498 1058 1567 contrariatur

34 1588 200 1668 charitati,
225 1609 299 1674 qnae
322 1594 370 1656 est
393 1593 488 1658 radix
511 1593 686 1658 virtutum.
727 1662 740 1672 ,

36 1677 48 1702 ⁸
70 1675 247 1746 Peccatum
272 1697 341 1747 non
366 1684 473 1766 potest
495 1699 563 1748 esse
585 1700 661 1748 cum
693 1685 769 1748 actu
800 1679 951 1760 virtutis,
981 1679 1058 1764 quia

36 1765 64 1830 ei
87 1769 326 1850 contrariatur,
348 1772 433 1836 sicut
456 1771 574 1836 vitium
598 1771 683 1838 tollit
706 1770 856 1838 habitum
880 1770 1023 1835 virtutis.

16 1851 78 1922 Art.
102 1857 134 1925 5.
159 1856 210 1924 Aa
234 1863 268 1926 ιη
291 1860 424 1944 poculo
445 1869 564 1944 peccato
587 1863 632 1926 rit
652 1862 765 1945 aliquis
789 1857 885 1928 cotos.
917 1862 953 1943 rt.
981 1859 1058 1924 Pec·
1110 1867 1118 1878 ‘

36 1951 147 2012 catum
176 1949 361 2016 omissionis
390 1955 497 2034 potest
522 1971 591 2016 esse
612 1951 685 2016 sine
708 1953 798 2031 actu,
823 1953 862 2014 ut
883 1946 911 2014 si
936 1946 982 2014 nil
1006 1969 1059 2013 co·

37 2035 117 2119 gitat
139 2038 185 2104 de
205 2057 315 2119 sacro,
338 2040 472 2124 quando
495 2042 630 2106 tenetur
652 2039 786 2118 audire,
814 2039 867 2104 vel
890 2055 967 2102 curn
989 2038 1059 2102 solo

38 2126 200 2208 interiori,
225 2129 359 2213 quando
381 2129 472 2208 dicit,
498 2131 573 2195 nolo
596 2129 661 2209 ire,
686 2129 826 2213 ideoque
849 2127 1059 2194 occasionali-

39 2219 96 2294 ter,
120 2217 176 2282 νει
200 2219 374 2284 casualiter
395 2218 581 2285 includitur
603 2219 720 2302 aliquis
743 2221 845 2284 actus.

39 2303 51 2334 *
71 2305 172 2372 Plura
194 2309 414 2393 requiruntur
435 2311 478 2375 ad
501 2311 628 2374 bonum
650 2325 752 2392 quam
775 2309 817 2373 ad
838 2307 975 2372 malum.
1036 2343 1039 2348 ·

40 2395 48 2418 ²
72 2395 304 2464 voluntarium
328 2399 427 2464 ctiam
451 2399 612 2483 estquod
635 2402 683 2463 est
707 2398 742 2462 in
759 2399 872 2464 nostra
888 2401 1058 2480 potestate,

38 2488 72 2548 ut
95 2487 165 2564 liat,
189 2488 242 2552 vel
267 2508 336 2554 non
359 2490 426 2567 fiat,
451 2492 484 2554 et
506 2487 554 2554 sic
570 2507 638 2554 non
655 2486 739 2553 velle
755 2490 804 2552 est
821 2485 1058 2552 voluntarium.

39 2572 115 2640 ltern
140 2579 315 2660 peccatum
338 2576 521 2644 omissionis
544 2581 593 2642 est
614 2581 733 2643 contra
752 2580 954 2659 praeceptum
970 2577 1060 2640 aflir·

39 2663 211 2750 nativum,
235 2669 325 2752 quod
348 2687 416 2734 non
441 2667 564 2751 obligat
588 2686 648 2751 pro
671 2685 811 2748 semper,
840 2666 930 2731 unde
953 2665 1059 2730 solum

40 2759 193 2836 peccatur
217 2776 278 2841 pro
302 2761 451 2840 tempore
474 2777 540 2842 quo
562 2758 662 2823 homo
686 2757 862 2840 obligatur.

23 2843 81 2911 lrt.
103 2845 136 2914 6.
162 2845 213 2913 Ao
234 2851 447 2915 convenienter
470 2847 637 2930 deficiatur
656 2853 812 2930 peccatum
841 2863 901 2910 esso
928 2846 1060 2926 dictom,

40 2937 230 3020 calfactum,
253 2947 310 3005 cto.
336 2940 370 3022 rt.
394 2937 455 3016 Sic,
480 2938 558 3021 quia
581 2941 710 3002 constat
724 2933 872 3013 materia,
889 2938 922 2998 ει
938 2936 1060 3016 forma;
1110 2957 1119 2964 ·

42 3027 175 3092 materia
205 3032 256 3092 est
285 3027 429 3108 dictum,
457 3027 597 3106 lactum,
621 3026 853 3108 concupitum
877 3024 1000 3104 torma,
1025 3027 1062 3090 tit

42 3114 79 3178 sit
100 3119 222 3182 contra
246 3117 352 3202 legem
376 3117 538 3184 divinam.

44 3203 275 3287 ‘llllrmatim
299 3208 351 3274 vel
376 3207 506 3292 negatio
530 3205 738 3272 reducuntur
760 3205 804 3270 nd
827 3203 916 3269 idum
939 3222 1060 3289 genus,

42 3298 72 3358 et
92 3295 138 3360 sic
162 3295 307 3376 dictum,
338 3298 390 3362 vel
418 3317 486 3364 non
513 3295 657 3376 dictum,
681 3295 819 3374 lactum,
844 3292 897 3360 vel
922 3312 989 3360 non
1014 3293 1061 3357 la·

43 3387 138 3452 ctum.
162 3384 244 3452 Nam
269 3389 401 3471 pectem
422 3405 442 3451 a
464 3385 628 3469 Theologo
656 3384 927 3461 considerantur,
951 3384 990 3448 ut
1012 3381 1061 3447 ol·

43 3474 129 3542 tensa
163 3475 240 3554 Dei,
272 3496 291 3541 a
326 3476 538 3559 Philosopho,
569 3478 607 3540 ut
639 3475 719 3540 sunt
743 3477 861 3540 contra
885 3471 1059 3537 rationem.

42 3561 116 3632 ltcm
156 3565 299 3646 malum,
335 3565 415 3650 quia
445 3562 668 3648 prohibitum,
699 3562 895 3647 intelligitur
925 3561 1061 3646 delego

45 3654 189 3740 positiva.
625 3673 627 3680 ·
