2608 4220
261 73 331 148 556
573 93 620 143 ex
642 89 908 144 surrnuunuro

569 296 749 386 Qunsno
774 295 913 366 txxvn.

399 481 489 546 De
514 485 796 562 tempore
818 485 880 543 et
904 451 1084 543 inodo

494 570 993 636 resurrectionis.

222 741 297 810 Art.
329 741 359 810 l.
381 741 432 811 Ao
456 751 567 830 tompus
590 753 712 813 nostroe
733 745 967 812 resurrectionis
1004 748 1143 828 oporteat
1170 741 1259 822 differ

240 852 332 916 usquo
354 831 393 900 od
418 837 510 918 finem
546 837 662 902 mosidi.
691 837 726 919 ri.
760 835 822 914 Sic,
846 834 931 899 siout
954 839 1062 898 motus
1100 831 1183 897 ooeli
1213 835 1261 896 est

242 940 346 1006 usque
368 924 411 989 ad
433 925 534 990 tinem
559 925 693 1006 mundi,
717 925 774 990 sed
802 923 999 990 resurreetio
1022 919 1142 988 Christi
1182 941 1259 987 eum

242 1010 285 1076 sit
308 1031 414 1092 eausa,
437 1018 471 1079 et
497 1016 664 1099 exemplar
698 1017 820 1080 nostrae
851 1011 1123 1090 resurrectionis,
1146 1012 1262 1077 debuit

244 1102 430 1185 praeoedere
452 1105 603 1170 omnium
626 1103 918 1180 resurrectionem,
940 1121 1015 1185 quae
1039 1101 1103 1166 erit
1125 1100 1163 1166 in
1197 1101 1263 1166 fine

244 1191 365 1272 saeculi,
390 1192 452 1258 nisi
476 1193 511 1258 in
535 1194 644 1278 aliquo
668 1215 708 1259 ex
732 1192 906 1278 privilegio
929 1189 1130 1274 particulari,
1155 1193 1194 1254 ul
1228 1190 1262 1254 in

244 1278 279 1344 Β.
303 1279 446 1365 Virgine,
469 1288 502 1346 et
524 1283 604 1348 aliis.

221 1368 289 1437 Art.
313 1368 345 1437 2.
368 1368 417 1438 Aa
442 1377 554 1454 tempos
575 1374 809 1439 resurrectionis
831 1370 953 1439 nostroe
976 1372 1019 1436 sit
1041 1368 1203 1437 occultum.
1230 1369 1263 1454 ii.

242 1458 305 1537 Sie,
328 1460 428 1525 etiam
451 1459 589 1546 Angelis,
613 1465 646 1527 et
669 1461 836 1545 Apostolis.
927 1523 930 1530 .

163 1611 167 1622 .
221 1546 289 1617 Art.
313 1548 343 1616 3.
368 1546 416 1615 Aa
439 1551 546 1632 futoro
568 1553 612 1618 sit
630 1554 813 1618 resurrectio
845 1557 974 1632 temporo
1007 1550 1117 1616 noetis.
1143 1549 1181 1632 ἢ.
1202 1547 1263 1626 Sia,

243 1638 329 1705 siout
366 1641 561 1706 resurreetio
596 1639 823 1724 Christique
862 1644 910 1704 est
933 1639 1104 1721 exemplar
1129 1640 1262 1718 nostra,

246 1727 309 1794 luit
332 1729 367 1794 in
392 1735 507 1809 noete3
529 1730 571 1795 de
606 1733 686 1796 bora
709 1728 930 1796 determinate
952 1728 1029 1794 seiri
1052 1746 1122 1793 non
1147 1731 1263 1810 potest,

245 1818 305 1883 sed
320 1819 489 1901 probabile
512 1823 570 1898 est,
594 1821 684 1903 quod
708 1819 772 1884 erit
806 1820 861 1884 illa
891 1818 926 1883 in
950 1837 1016 1902 qua
1039 1815 1190 1882 Cbristus
1213 1836 1263 1881 re·

245 1908 400 1986 surrexit,
423 1912 461 1973 ut
483 1909 575 1992 quasi
600 1909 634 1974 in
659 1908 862 1991 crepusculo.

224 1994 294 2064 Art.
318 1997 349 2062 l.
373 1998 422 2064 Ao
445 2001 627 2066 resurreetio
650 2001 695 2064 stt
714 1997 821 2076 sabito,
844 1999 893 2064 ool
925 1997 1097 2064 soooousbe.
1124 1998 1161 2081 sl.
1187 1995 1265 2063 Con·

245 2105 360 2152 aursus
382 2085 577 2171 Angelorum
602 2087 793 2171 operabitur
815 2088 850 2151 in
886 2091 1034 2170 tompore
1057 2084 1266 2169 impercepti-

245 2175 313 2252 bili,
337 2177 427 2260 quod
451 2182 556 2258 posset
579 2177 691 2244 vocari
715 2177 852 2255 instans,
876 2175 934 2243 sed
957 2174 1047 2260 quod
1071 2176 1265 2240 fietvirtule

245 2264 360 2332 divina
382 2267 439 2332 fiet
460 2266 579 2334 subito.

557 2441 739 2529 QUAESTlO
763 2443 919 2514 LXXVlll.

553 2628 644 2691 De
669 2626 936 2688 termino

397 2730 431 2779 a
456 2726 573 2795 quo
598 2714 1098 2780 resurrectionis.

224 2888 293 2959 oro.
317 2891 347 2959 l.
369 2890 418 2958 Ao
441 2912 523 2958 mors
546 2895 610 2959 orit
630 2894 777 2959 terminos
799 2891 1034 2958 resurrectionis
1055 2891 1092 2954 in
1117 2888 1264 2956 omnious.

248 2983 283 3064 ri.
306 2980 483 3060 rraeeeoes
506 3002 597 3050 secus
620 3003 688 3048 non
712 2984 935 3064 resurgerent.

225 3067 293 3138 Art.
316 3069 347 3139 2.
371 3069 419 3138 Ao
442 3075 577 3140 omnium
598 3073 781 3140 resurreetio
815 3072 878 3138 ortt
904 3088 923 3135 a
955 3066 1118 3136 cloaribus.
1144 3070 1181 3152 sl.
1205 3068 1263 3144 Sic,

248 3160 310 3226 nisi
348 3180 390 3226 ex
427 3162 599 3248 privilegio
621 3162 718 3230 alioui
756 3159 850 3225 aliter
888 3158 1115 3240 concedatur,
1138 3161 1172 3224 et
1211 3158 1265 3242 qui

247 3253 325 3315 ante
347 3249 507 3321 iudicium
531 3252 720 3322 immediate
742 3254 843 3316 erunt
880 3248 976 3326 vivi,
1000 3248 1211 3315 resolventur
1232 3247 1263 3312 in

248 3339 395 3406 cinerem
419 3342 462 3407 ab
495 3342 572 3426 igne
595 3345 758 3426 purgante
792 3344 898 3405 lotum
923 3337 1126 3416 universum,
1151 3342 1185 3403 et
1208 3356 1264 3420 per
1290 3355 1291 3360 ’

249 3427 375 3495 eineres
386 3430 618 3515 intelliguntur
636 3449 749 3497 omnes
767 3427 913 3514 reliquiae
930 3445 1005 3511 qua
1021 3430 1198 3494 remanent
1214 3447 1265 3493 re·

250 3518 356 3584 soluto
379 3538 526 3604 corpore.

226 3602 294 3671 Art
318 3606 350 3675 3.
370 3605 421 3675 Ao
444 3608 580 3691 polonos
612 3607 674 3687 otti,
696 3628 736 3675 oo
770 3605 878 3692 potios
899 3607 1064 3676 tomorum
1085 3625 1195 3693 corpas
1216 3625 1263 3673 ro·
