2604 4210
423 145 498 197 nrrr
520 145 667 201 rnomm.
956 129 1024 200 ⁸08

43 285 198 350 homno
231 283 303 350 sine
330 288 455 361 mente,
479 282 564 350 sieut
598 303 666 350 non
697 299 775 351 vera
809 303 886 352 earo
920 286 1065 352 humam

43 374 124 437 sine
148 373 260 440 anima
282 377 436 439 humana.

43 462 325 619 :leislttnffiatsseniia
347 462 445 532 Verbi
469 461 597 545 pertinit
620 467 765 528 mentem
789 464 981 548 humanam,
996 482 1065 529 non

422 728 604 814 ouusno
633 729 681 798 vr.

163 915 257 980 De
292 909 471 977 modo
502 913 936 990 assumptionis

193 1005 485 1081 quantum
504 1000 585 1068 ssd
609 1000 906 1068 ordimem.

27 1177 94 1246 drt.
122 1177 207 1248 idn
229 1178 330 1246 iiiios
340 1177 402 1246 Dei
423 1181 622 1264 assumpserit
637 1197 762 1246 carnem
784 1177 939 1248 modiatio
955 1179 1069 1250 mimo.

51 1271 86 1353 ri.
111 1267 176 1348 Sir,
199 1288 269 1336 nou
292 1269 410 1335 ordine
432 1269 599 1353 temporis,
622 1271 680 1336 sed
704 1269 911 1354 perfeetionis
927 1272 1067 1350 natura,

48 1358 137 1423 idest
160 1377 247 1434 suro,
271 1359 299 1423 si
322 1377 390 1424 nou
413 1359 526 1426 fuisset
539 1360 695 1438 animata,
715 1379 788 1426 ‚nor
811 1360 923 1428 fuisset
946 1375 1068 1430 assum

50 1452 124 1530 pia3
148 1453 184 1514 et
212 1446 417 1528 causalitatis,
446 1449 524 1535 quia
545 1451 589 1517 ab
610 1468 648 1516 ea
670 1450 779 1530 hahet,
792 1453 830 1516 ut
850 1450 893 1516 sit
912 1449 1069 1529 animata,

50 1541 84 1602 et
107 1537 353 1622 assumptibiiis.

53 1626 216 1694 *Ordine
238 1627 367 1694 essendi
399 1629 511 1694 omnia
545 1627 733 1695 immediate
767 1628 915 1712 pendent
943 1649 962 1694 a
986 1628 1070 1710 Deo,

52 1717 172 1783 ordine
188 1717 231 1782 ad
254 1718 366 1793 finem,
389 1718 531 1784 mediate
555 1718 754 1784 ordinantur
777 1719 819 1784 ad
841 1717 956 1795 Deum,
973 1722 1006 1784 ot
1021 1717 1068 1784 sie

8 1845 14 1874 t
51 1812 98 1870 est
123 1807 160 1872 iu
183 1806 417 1888 assumptione.
449 1808 526 1872 item
551 1808 627 1872 lieet
651 1807 832 1891 hypostasis
860 1809 1004 1874 humana
1026 1807 1069 1872 sit

49 1896 192 1961 vicinior
214 1896 355 1978 corpori,
377 1898 435 1963 sed
450 1897 630 1980 hypostasis
653 1895 750 1966 Verhi
767 1900 816 1961 est
836 1895 935 1966 altior
950 1900 1070 1962 natura

54 1987 210 2064 humane,
227 1985 300 2050 ideo
313 1986 529 2071 propinquior
542 1987 671 2062 animae,
684 1985 760 2069 quia
779 1986 961 2068 perfectior.
977 1985 1069 2064 item,

51 2079 203 2158 separata
226 2074 353 2152 anima,
390 2080 538 2140 remanet
577 2075 611 2140 iu
647 2094 784 2158 corpore
818 2075 933 2140 diviua
968 2077 1071 2159 hypo·

53 2165 156 2243 simis,
180 2165 257 2248 quia
280 2182 356 2229 earo
391 2165 452 2230 fuit
475 2184 572 2230 rausa
594 2165 819 2249 congruentiae
844 2165 876 2230 in
907 2164 989 2244 fieri,
1012 2165 1070 2230 sed

54 2255 86 2317 in
112 2255 201 2319 facto
227 2255 385 2319 essenon
411 2257 533 2336 pendet
556 2256 598 2320 rh
616 2273 669 2319 ea.

36 2340 99 2410 Art.
122 2344 157 2411 2.
180 2341 230 2409 dn
254 2347 450 2426 assumpserit
470 2347 603 2410 animam
626 2343 777 2410 mediante
803 2350 912 2424 menta,
935 2361 987 2409 sea
1009 2346 1089 2426 spi·

54 2435 130 2501 rita.
157 2435 192 2517 ri.
217 2431 445 2516 Congruenter
468 2434 525 2512 sio,
548 2433 625 2518 quia
648 2435 832 2500 seeundum
856 2437 1004 2498 mentem
1020 2437 1068 2498 est

55 2520 174 2607 imago,
197 2525 231 2586 et
252 2542 356 2604 rapax
379 2523 447 2588 Dei.

54 2609 249 2694 *Quamvis
263 2611 448 2677 intellectus
470 2613 651 2678 seeundum
675 2612 847 2678 essentiam
861 2630 929 2677 non
953 2609 1070 2679 distin·

55 2708 177 2784 gnatus
199 2704 240 2768 ab
263 2701 383 2779 areima,
407 2704 464 2768 ssd
487 2701 625 2766 ratione.
645 2699 729 2768 item
752 2701 901 2786 Angelus
925 2700 1002 2784 quia
1025 2700 1070 2768 ir·

54 2790 245 2874 separabilis
267 2809 335 2856 non
358 2791 513 2875 oongruit
543 2790 673 2857 assumi.
698 2789 777 2858 ltem
805 2790 859 2858 hie
881 2790 992 2857 anima
1014 2809 1069 2856 su·

57 2882 159 2946 mitur
182 2900 243 2964 pro
267 2881 421 2962 potentiis
444 2879 666 2947 inferioribus.

39 2969 101 3034 Art.
126 2969 159 3036 3.
182 2977 231 3036 An
252 2971 341 3052 prius
357 2971 714 3054 asueritsumptoanimn
732 2985 820 3052 qaam
836 2987 916 3036 earo.
932 2971 969 3054 rh.
988 2969 1069 3048 Non,

57 3060 131 3141 quia
155 3059 267 3124 anima
303 3060 446 3125 creando
469 3059 668 3138 infunditur,
691 3078 783 3125 serus
806 3060 971 3127 habuisset
993 3060 1069 3126 suh·

55 3147 247 3214 sistentiam.

56 3232 206 3303 *Anima
230 3241 278 3304 est
301 3237 408 3304 media
431 3239 473 3304 ad
493 3237 650 3304 unionem
674 3236 788 3312 Verbi,
813 3256 881 3305 nou
906 3242 1069 3321 tempore,

57 3329 110 3392 sed
134 3329 261 3395 ordine.
286 3326 379 3403 item,
402 3327 512 3394 anima
535 3325 653 3394 Christi
676 3327 804 3394 exeedit
827 3331 972 3394 nostram
1004 3326 1071 3391 vir·

59 3419 137 3492 tute,
161 3437 228 3482 non
253 3436 382 3501 genere.

42 3501 98 3571 drt.
124 3505 155 3572 t.
191 3505 241 3573 Aa
270 3525 340 3572 cors
377 3507 493 3574 Christi
534 3509 632 3589 fuerit
661 3509 749 3589 patus
779 3512 955 3588 assumpto,
980 3523 1069 3587 qaam

59 3599 165 3662 ruinae
187 3599 287 3662 unito.
312 3599 347 3680 ri.
371 3597 440 3664 Non
466 3598 723 3681 temporeque
759 3616 826 3662 non
850 3596 960 3662 fuisset
993 3613 1068 3660 earo

60 3685 211 3764 humana,
235 3691 268 3750 et
291 3691 426 3770 propter
449 3687 592 3752 animam
608 3691 659 3752 est
681 3683 922 3770 assumpiihiiiS,
938 3688 971 3750 et
986 3683 1069 3752 sieut
