2608 4220
426 63 503 112 orvr
526 61 685 113 rnounn.
966 44 1034 120 me

28 133 1074 160 mutua—wn-

40 187 131 266 taie‚
154 182 183 248 si
206 198 385 250 conversus
408 183 505 248 aliam
529 181 634 261 duxit,
659 202 720 248 nec
734 183 877 248 solvitur
898 202 957 267 per
981 185 1076 250 adul-

41 274 189 353 terium,
214 273 277 338 nisi
300 275 462 356 quantum
486 271 527 338 ad
551 276 671 356 actum,
697 291 756 356 per
770 272 832 338 alia
848 275 978 356 peccata
995 292 1076 354 non,

42 383 165 448 neque
188 366 350 446 quantum
374 363 571 440 adactum,
605 362 668 428 nisi
693 363 735 428 ad
758 365 903 447 tempus,
929 382 961 430 v.
984 382 1014 447 g.
1041 362 1076 430 in

42 451 298 526 correctionem
320 452 444 522 uxoris.

423 626 607 717 ounsno
629 627 689 700 nx.

320 815 411 881 De
434 811 797 880 uxorioidm.

21 994 101 1063 Art.
126 994 160 1060 l.
184 993 233 1062 Aa
258 995 348 1061 licent
368 1010 496 1062 uxorem
519 994 690 1078 interficere
705 994 741 1058 ia
755 999 826 1061 actu
840 993 986 1062 adulterii
999 1013 1078 1063 com·

44 1087 245 1174 prehensam.
271 1087 305 1169 ri.
330 1083 369 1150 ln
393 1085 463 1150 loro
487 1083 706 1161 conscientiae,
722 1086 756 1147 et
771 1083 990 1152 Ecclesiastico
1009 1105 1077 1153 non

51 1177 149 1254 licet,
173 1175 240 1243 imo
263 1175 298 1242 in
322 1173 415 1240 nullo
431 1191 507 1240 casu
523 1175 598 1241 licet
617 1171 765 1240 occidere
780 1193 917 1240 uxorem
945 1177 1079 1258 propria
1162 1248 1164 1253 ,

51 1266 277 1344 auctoritate,
308 1268 414 1348 potest
449 1267 559 1330 tamen
583 1283 625 1329 ex
658 1263 726 1329 zelo
755 1263 888 1330 iustitiae
914 1265 1003 1330 illam
1025 1284 1079 1331 ac·

53 1373 186 1435 cusare,
211 1357 244 1421 et
266 1372 463 1439 procurare,
488 1357 525 1419 ut
548 1353 707 1438 puniatur
730 1353 829 1420 etiam
858 1356 901 1422 ad
926 1359 1078 1436 mortem,

53 1448 169 1529 potest
202 1444 301 1511 etiam
334 1443 423 1510 illam
458 1444 623 1529 corrigere
645 1463 714 1510 non
738 1463 837 1528 poeua
862 1445 998 1525 mortis,
1020 1448 1079 1514 scd

47 1534 311 1604 emendationis.
328 1533 419 1612 ltem,
436 1535 623 1618 percutiens
634 1531 791 1600 clericum
812 1535 988 1602 inventum
1001 1555 1078 1603 cum

47 1647 114 1695 sua
151 1643 256 1690 uxore
279 1644 347 1691 non
382 1628 430 1689 est
453 1622 772 1710 excommunicatus,
796 1645 864 1692 non
890 1628 1001 1692 tamen
1025 1648 1079 1693 oc·

48 1717 137 1784 cisio
159 1712 272 1781 uxoris
295 1717 343 1779 cst
365 1713 463 1791 licite,
488 1712 564 1779 licet
585 1713 710 1779 uullam
735 1733 867 1797 poenam
891 1714 1051 1785 incurrat.

24 1808 101 1876 Art.
125 1807 158 1876 2.
182 1805 232 1873 lle
254 1802 462 1871 umericidium
484 1803 630 1888 impediat
648 1806 890 1880 matrimonium.
919 1807 954 1889 ri.
974 1804 1078 1890 lmpe·

49 1898 115 1977 dit,
141 1900 175 1962 et
197 1895 337 1980 punitur
361 1893 397 1960 in
420 1913 469 1980 eo,
493 1895 528 1960 in
552 1913 617 1980 quo
640 1894 799 1977 peccavit,
827 1895 886 1961 sed
901 1895 1079 1980 aliquando

51 1987 198 2072 impedit
220 1983 508 2064 contrahendum,
543 1990 576 2052 et
606 2005 674 2050 non
703 1983 831 2050 dirimit
859 1987 1077 2066 contractum,

53 2082 96 2146 ut
118 2077 147 2142 si
170 2077 213 2143 ob
235 2072 456 2152 adulterium,
480 2073 533 2138 vel
556 2095 597 2140 ex
627 2074 722 2141 odio:
751 2074 928 2160 aliquando
951 2075 1078 2142 dirimit

54 2171 279 2245 contractum,
302 2170 340 2230 ut
362 2164 389 2228 si
412 2164 549 2243 occidat,
567 2167 605 2230 ut
618 2184 692 2230 eam
707 2164 806 2231 ducat
822 2184 897 2232 cum
914 2183 978 2250 qua
994 2185 1077 2232 moe·

53 2259 188 2336 ebatur,
210 2255 237 2322 si
261 2274 341 2321 vero
364 2253 460 2319 aliam
484 2253 577 2319 ducit
600 2260 712 2339 peccat
734 2258 850 2322 contra
870 2259 992 2322 statum
1016 2253 1075 2322 Ec-

51 2346 174 2432 clesiae,
197 2345 253 2413 sed
278 2343 529 2418 matrimonium
555 2347 655 2412 tenet.

411 2521 592 2606 consuo
616 2521 691 2590 uxr.
730 2613 732 2622 Ι

55 2709 150 2772 De
174 2705 609 2788 impedimento
635 2707 1027 2790 matrimonii,

132 2795 293 2878 quod
318 2801 413 2860 est
437 2803 647 2862 votum
673 2801 963 2870 solemne.

28 2976 101 3044 Art.
128 2976 160 3045 l.
182 2974 233 3042 An
255 2975 335 3041 ulter
356 2976 520 3058 cocturam
543 2979 614 3059 post
641 2975 794 3042 cerealem
816 2975 953 3062 copulem
981 2978 1077 3046 alum

55 3069 157 3134 mrito
174 3067 273 3150 possit
286 3065 465 3148 mitylenem
483 3067 614 3131 mtrem.
628 3065 663 3148 ri·
682 3063 763 3144 Non,
779 3066 855 3152 quia
873 3073 920 3132 est
941 3067 977 3132 in
994 3087 1077 3152 prae·

53 3157 216 3222 iudicium
240 3153 363 3232 uxoris,
387 3174 461 3237 quae
484 3155 583 3221 habet
606 3153 655 3219 ius
673 3153 707 3221 in
723 3174 842 3239 corpus
856 3155 940 3238 viri,
963 3160 1075 3224 etoon

56 3250 165 3330 potest
187 3247 292 3311 facere
316 3244 515 3311 oblationem
538 3243 604 3309 Deo
627 3244 668 3310 de
691 3242 808 3311 alieno.

32 3338 102 3406 Art.
125 3336 158 3405 2.
181 3334 231 3402 Aa
254 3337 333 3402 alter
356 3335 470 3400 conius
493 3341 564 3401 oete
586 3335 740 3401 carnalem
762 3335 898 3423 copulam
919 3338 1015 3420 possit
1029 3339 1076 3403 ia·

55 3427 144 3514 credi
166 3425 345 3510 reliqionem
379 3425 478 3490 altem
514 3425 623 3490 invito.
654 3425 689 3508 rt.
720 3423 794 3505 Sic,
829 3426 907 3509 quia
936 3445 1003 3490 non
1028 3432 1077 3491 est

56 3517 216 3584 translata
232 3515 370 3581 omnino
389 3516 529 3599 potestas
548 3514 706 3598 corporis,
720 3517 777 3581 sed
792 3517 853 3588 sub
876 3515 1075 3596 conditione,

58 3607 144 3674 idest
167 3605 231 3673 nisi
253 3609 469 3674 convertatur
493 3605 535 3672 ad
558 3604 729 3673 meliorem
751 3608 882 3674 statum.
905 3604 999 3704 Item,
1022 3626 1077 3674 eo·
