2608 4220
426 146 503 197 nrvr
525 144 673 197 rnorem.
955 129 1023 198 569

46 266 161 331 omniu
186 285 259 349 quaa
281 270 369 343 sunt,
394 269 505 344 erunt,
528 271 560 331 et
582 267 719 331 fuerunt
743 269 900 352 tanquam
923 287 1068 351 praesen·

46 356 101 421 tia.
129 356 220 434 ltem,
243 375 319 423 oum
341 355 477 421 scientia
511 354 667 439 simplicis
702 355 926 441 intelligentiae
950 377 1069 442 eogno-

44 445 105 510 scit
131 445 195 523 illa,
219 465 294 529 quae
317 448 423 531 potest
459 445 577 522 facere,
602 445 678 510 licet
716 464 889 530 nunquam
924 448 1070 514 facturus

44 535 102 614 sit;
128 554 221 600 secus
244 555 312 603 non
347 540 559 619 cognosceret
582 535 725 618 perfecte
747 555 840 601 snam
875 537 1068 621 potentiam,

45 624 111 690 nisi
135 626 347 710 cognosceret
369 622 512 702 obiecta,
551 626 607 690 sed
631 625 830 706 impossibile
852 631 910 700 est,
934 630 972 692 ut
995 628 1070 693 bea·

43 719 98 781 tus
124 717 192 782 baec
216 713 328 780 omnia
352 717 535 798 cognoseat.
560 713 650 792 item,
675 714 786 780 anima
809 713 928 782 Christi
951 735 1072 800 cogno·

42 804 105 870 scit
130 803 242 869 omnia
264 803 300 868 in
324 802 441 880 Verbo,
463 822 538 886 qnae
562 803 648 868 Deus
671 803 855 888 cognoscit,
879 803 996 872 notitia
1020 807 1071 872 vi·

40 893 155 972 sionis,
177 894 235 958 sed
257 893 312 958 alii
336 892 514 958 beati-non
538 895 743 977 cognoscunt
764 893 876 960 omnia
899 894 935 960 in
958 913 1068 963 essens

43 983 88 1049 tia
113 983 240 1062 divina,
265 986 302 1048 nt
335 981 446 1048 anima
469 980 606 1060 Christi,
631 982 721 1048 unde
743 980 856 1068 Angeli
894 983 1069 1052 inferiores

42 1073 278 1138 illuminantur
300 1093 319 1138 a
342 1071 577 1156 superioribus,
601 1077 634 1136 et
667 1091 733 1155 quo
769 1073 944 1156 perfectius
968 1073 1063 1158 prin·

43 1163 179 1245 cipium,
203 1181 260 1228 seu
283 1162 423 1227 essentia
447 1160 563 1227 divina
586 1161 804 1246 cognoscitur,
828 1183 867 1229 eo
891 1163 1001 1246 plures
1017 1163 1065 1229 ef-

42 1253 149 1318 fectus
178 1256 424 1336 cognoscuntur
447 1269 506 1334 per
531 1250 648 1334 ipsum.
672 1250 763 1328 ltem,
787 1251 902 1319 divina
926 1252 1066 1319 essentia

42 1347 92 1407 est
114 1343 286 1426 speculum
308 1341 556 1418 voluntarium,
580 1341 656 1408 ideo
689 1341 832 1407 ostendit
866 1345 997 1408 tantum
1029 1362 1067 1408 ea

43 1451 120 1515 quae
144 1433 227 1496 vult.
250 1431 330 1496 ltem
354 1429 409 1496 illa
425 1430 617 1514 ignorantia
641 1429 676 1495 in
701 1430 803 1496 beatis
826 1450 894 1498 non
919 1435 968 1496 est
991 1450 1068 1514 poe-

44 1521 141 1597 nalis,
166 1519 242 1605 quia
265 1540 334 1587 non
357 1519 438 1586 dicit
461 1518 674 1585 nescientiam
698 1517 845 1598 alieuius,
868 1520 957 1606 quod
987 1521 1065 1587 sciri

43 1611 163 1689 debet,
199 1610 256 1676 sed
293 1613 342 1674 est
377 1609 528 1693 quaedam
563 1607 752 1675 nescientia
775 1609 872 1688 ilem,
897 1611 1067 1692 probabile

44 1701 136 1783 quod
173 1703 244 1784 post
277 1699 367 1778 diem
392 1696 505 1763 iudicii
540 1716 653 1764 omnes
685 1696 798 1763 omnia
832 1657 1040 1766 ιῖᾱειιιιιιι
1030 1720 1065 1767 ιιι

43 1788 165 1869 Verbo,
187 1808 261 1873 quae
285 1789 370 1854 Deus
393 1786 485 1852 videt
506 1787 643 1854 seientia
676 1786 821 1867 visionis,
843 1788 902 1853 sed
925 1808 1005 1871 uon,
1028 1783 1067 1855 ut

44 1881 159 1945 anima
182 1877 311 1956 Christi,
334 1877 392 1942 sed
429 1875 530 1962 aliqui
564 1877 678 1962 plura,
701 1877 816 1967 aliqui
826 1877 979 2004 pauciora
1016 1897 1066 1952 se·

43 1970 196 2038 cundum
219 1968 360 2053 gradum
382 1984 501 2033 snum..

398 2141 576 2229 QUAESTIO
601 2142 703 2214 xcln.
741 2215 742 2218 ,

41 2311 47 2316 ’
112 2333 205 2396 De
224 2334 576 2396 sanctorum
596 2325 974 2396 beatitudine

160 2425 466 2486 eteorum
496 2419 930 2484 mansionibus,

18 2594 88 2663 Art.
113 2593 146 2664 l.
169 2595 220 2664 Aa
243 2594 393 2663 beatitudo
415 2601 588 2661 sanctornm
609 2595 655 2660 ιιι
674 2596 772 2662 motor
793 2596 903 2679 saturo
921 2603 993 2680 post
1013 2598 1064 2665 in·

42 2687 171 2768 dicium,
194 2705 283 2769 quom
305 2693 386 2752 nate.
412 2687 446 2771 rt.
471 2683 645 2750 Extensive
667 2684 729 2764 sic,
751 2685 830 2768 quia
852 2686 964 2752 anima
985 2706 1064 2770 gau·

42 2775 138 2841 debit
161 2794 230 2841 non
253 2776 358 2842 solnm
382 2774 423 2841 de
447 2775 534 2840 bono
557 2773 701 2857 proprio,
724 2773 897 2840 sedetiam
919 2777 1065 2843 debono

39 2865 202 2948 corporis,
226 2869 259 2930 et
281 2864 358 2948 qnia
381 2863 492 2936 anima
514 2863 726 2931 informando
738 2881 867 2946 corpus,
883 2865 1064 2948 perficitur,

40 2954 124 3039 quia
147 2953 252 3020 estin
276 2972 336 3019 suo
358 2973 426 3020 esse
450 2954 603 3033 naturali,
628 2958 666 3019 ut
689 2954 794 3019 forma
817 2953 858 3019 ad
882 2955 1065 3035 materiam,

39 3052 74 3110 et
99 3044 275 3127 perfectius
298 3042 498 3126 operabitur,
522 3043 600 3126 quia
640 3064 708 3109 non
731 3042 930 3126 impedietur
952 3064 971 3111 a
995 3063 1064 3110 cor·

40 3152 134 3216 pore,
159 3137 192 3198 ει
213 3133 261 3199 sic
283 3137 388 3216 potest
409 3132 487 3212 dici,
503 3133 593 3217 quod
609 3132 777 3200 beatitudo
799 3131 863 3198 erit
878 3133 1064 3220 perfectior,

39 3223 143 3288 etiam
167 3222 341 3288 intensive.

41 3311 53 3336 *
81 3311 170 3378 Licet
191 3311 302 3378 anima
324 3311 359 3377 in
384 3313 459 3377 actu
473 3311 677 3397 intelligendi
693 3331 762 3379 non
786 3314 898 3379 utatur
913 3331 1062 3397 corpore,

44 3406 157 3468 tamen
182 3401 338 3485 perfectio
360 3400 506 3484 corporis
529 3402 771 3485 quodammodo
802 3405 997 3485 cooperatur
1019 3404 1062 3470 ad

40 3491 279 3576 perlectionem
303 3490 410 3575 operis
433 3491 677 3573 intellectualis,
700 3493 734 3557 in
758 3494 921 3578 quantum
949 3493 1061 3560 anima

40 3583 79 3646 in
105 3599 242 3664 corpore
264 3580 402 3666 glorioso
425 3581 489 3646 erit
522 3600 564 3645 ex
586 3599 644 3648 sua
667 3584 786 3648 natura
814 3581 1004 3666 perfectior,
1028 3584 1061 3648 et

40 3669 219 3749 efficacior,
242 3676 276 3736 et
309 3669 465 3756 gaudebit
499 3671 571 3756 plus
594 3673 637 3738 ob
659 3671 796 3757 gloriam
833 3669 979 3756 corporis
1007 3669 1061 3738 in·

40 3758 183 3840 tensive,
206 3763 240 3826 et
261 3758 439 3828 extensive.
