2652 4198
275 131 318 200 ot
587 145 634 198 ex
657 137 771 198 aaron
796 108 914 198 erere

250 321 387 390 eorpus,
410 321 480 370 non
503 300 638 386 attingit
660 299 768 378 aliud,
792 297 895 364 etsie
918 301 966 363 est
989 296 1026 362 in
1050 315 1119 363 uno
1142 296 1227 366 loeo
1254 305 1296 366 ut

251 414 320 463 nun
342 391 386 459 sit
408 393 443 458 in
467 392 541 470 alio,
566 395 599 456 et
621 389 740 474 incipit
763 407 843 466 esse,
868 387 926 454 ubi
949 405 1019 454 uon
1045 389 1127 467 erat,
1158 391 1196 453 et
1224 391 1293 456 boe

250 503 292 550 ex
305 483 454 568 ‘imperio
477 481 546 562 Dei,
570 482 664 564 ouJ'us
686 482 735 546 est
758 477 920 545 minister.

250 572 262 602 *
286 571 436 641 dationes
459 571 638 638 exteriores
660 567 789 654 Angeli,
813 567 891 652 quia
915 565 1111 650 regelantur
1140 587 1210 651 per
1236 589 1293 636 su·

250 663 314 728 lam
339 663 609 738 intellectionem,
633 678 702 726 non
726 657 915 742 impediunt
937 658 1008 740 ejus
1024 658 1293 742 oontemplatio·

251 771 346 834 nem,
380 753 459 839 quia
487 771 555 820 una
586 769 628 816 ex
658 749 770 834 regula
802 746 953 826 alterius;
981 765 1074 813 seeus
1097 745 1133 812 in
1160 749 1290 828 nobis,

249 842 326 927 quia
350 841 530 911 insistimus
553 839 675 907 aetioni
699 857 759 922 per
782 836 870 902 vires
892 834 1076 902 sensitivas.
1106 835 1189 902 ltem
1217 838 1292 905 An·

250 931 315 1016 geli
337 933 419 999 dum
443 930 537 999 nobis
561 927 762 1006 ministrant,
785 925 939 993 serviunt
961 924 1045 1004 Deo,
1069 930 1102 991 et
1125 945 1197 994 non
1227 947 1291 994 su·

248 1039 323 1088 mus
346 1017 650 1106 iniussaperiores,
675 1015 739 1084 nisi
755 1016 957 1087 adhaerendo
971 1013 1039 1082 Deo
1053 1034 1168 1084 sumus
1187 1036 1290 1088 unus

249 1110 386 1193 spiritns
407 1131 484 1178 oum
507 1110 584 1178 Deo.

228 1207 297 1268 Art.
320 1200 352 1267 2.
372 1198 423 1268 Ao
439 1219 539 1269 omnes
555 1196 668 1284 Artorio·
683 1200 848 1284 mittentur
863 1199 899 1264 io
914 1195 1131 1263 ministerium.
1149 1198 1187 1280 rt.
1202 1197 1287 1266 Non

249 1290 428 1374 superioris
450 1288 588 1368 ordinis,
607 1289 666 1356 sod
681 1286 856 1368 inferioris,
873 1291 907 1352 et
921 1284 1092 1353 sullieiunt
1107 1286 1150 1352 ad
1166 1289 1288 1372 quod·

228 1397 385 1464 ‹eunque
407 1399 499 1466 opus.

250 1465 410 1536 *Omnes
432 1471 592 1539 dicuntur
615 1468 900 1537 administratores
922 1465 1060 1552 spiritus
1086 1467 1286 1536 seeundum

248 1557 434 1642 spirituales
456 1562 601 1640 effeetus,
624 1579 658 1624 v.
681 1579 713 1644 g.
730 1557 961 1636 illuminando,
975 1575 1044 1622 non
1060 1556 1103 1623 de
1118 1553 1287 1626 missione

155 1656 165 1673 ⁸
249 1649 415 1728 exteriori.
439 1649 521 1716 ltem
543 1648 667 1716 dieitur
690 1646 806 1714 missus
821 1645 983 1732 Seraphin
999 1645 1179 1730 aeqnivoee,
1194 1648 1287 1732 quia

249 1737 450 1807 incendebat
471 1740 559 1808 labia
581 1739 764 1823 Propheta.

226 1827 295 1896 Art.
318 1827 350 1896 3.
373 1828 635 1918 Anderelium·
657 1830 825 1896 mittuntur
850 1829 998 1894 assistunt
1024 1825 1100 1894 Deo.
1136 1827 1170 1910 al.
1202 1825 1283 1912 Sin,

248 1918 326 2002 quia
358 1939 489 2005 semper
524 1919 716 1989 immediate
750 1917 868 1984 vident
896 1917 1000 1984 Deum
1010 1964 1022 2000 ,¹
1041 1917 1100 1984 sed
1121 1920 1283 2002 supremi

201 2058 209 2063 .
248 2007 484 2077 illuminantur
505 2009 707 2078 immediate.

120 2135 126 2143 ·
247 2095 382 2164 *Satan
406 2118 475 2166 non
498 2099 619 2178 astitit,
641 2097 701 2164 sed
723 2097 813 2162 inter
836 2095 1167 2174 assistentesadluit,
1192 2099 1282 2182 quia

248 2190 377 2253 natura
392 2193 464 2254 erat
485 2186 636 2272 Angelus,
660 2206 728 2252 non
754 2186 969 2255 beatitudine.

226 2274 296 2344 Art.
319 2276 351 2343 l.
375 2275 427 2344 Aa
455 2275 569 2364 dopott
594 2277 731 2344 seeundo
757 2279 938 2346 bierorebie
967 2296 1069 2346 ornem
1096 2279 1281 2350 mittuntur.

249 2367 284 2450 ri.
307 2365 395 2446 Non,
424 2369 483 2434 sed
512 2367 576 2451 illi,
607 2383 752 2453 quorum
776 2369 913 2437 nomina
935 2368 1081 2454 aliquam
1104 2370 1281 2438 exeuntiu-

199 2469 205 2484 '
248 2474 326 2522 nem
351 2460 480 2524 notant.

249 2562 260 2582 ·
282 2546 473 2614 Seoundum
496 2546 622 2633 aliquos
644 2548 757 2632 plures
779 2552 858 2614 sunl
878 2549 1073 2627 assistentes,
1090 2567 1192 2633 quam
1209 2552 1280 2618 mi·

248 2633 436 2716 nistrantes,
459 2636 538 2722 quia
560 2639 650 2722 quod
672 2641 721 2704 est
740 2638 866 2718 melius,
891 2644 940 2704 est
963 2639 1066 2724 magis
1089 2660 1108 2705 a
1130 2639 1198 2704 Deo
1217 2641 1278 2710 ln·

248 2725 388 2806 tentum,
412 2730 444 2794 et
467 2727 734 2814 multiplioatum,
756 2729 814 2796 sed
828 2727 1123 2811 seeundumalios,
1138 2733 1276 2800 eontra.

597 2905 776 2992 oursrro
800 2907 899 2976 oxrn.

333 3090 424 3154 De
451 3089 743 3158 Custodia
769 3093 1164 3172 Angelorum,

303 3183 365 3243 et
389 3180 845 3264 impugnatione
871 3186 1195 3250 malorum.

225 3353 292 3426 Art.
317 3357 348 3426 l.
371 3356 422 3424 Art
445 3360 579 3427 dominos
602 3359 814 3428 custodientur
838 3363 874 3428 ab
897 3359 1034 3447 Anopolis.
1065 3365 1100 3447 ri.
1123 3359 1186 3438 Sic,
1212 3364 1275 3428 ho-

246 3449 352 3516 mines
374 3449 559 3516 seeundum
582 3449 806 3535 cognitionem
835 3457 869 3518 et
892 3451 1081 3519 allectiones
1110 3451 1190 3516 sunt
1216 3471 1275 3516 va·

247 3535 378 3606 riabiles
401 3560 419 3606 a
443 3539 546 3619 buno,
574 3545 607 3608 et
635 3541 680 3605 sio
708 3543 855 3624 oportuit
890 3543 925 3608 in
961 3542 1012 3608 hls
1048 3539 1193 3628 regulari
1231 3544 1276 3608 ab

246 3626 386 3712 Angelis,
409 3627 568 3715 quisunt
592 3630 812 3698 invariabiles.

245 3713 384 3784 'Homo
414 3736 475 3804 per
504 3717 648 3790 liberum
678 3722 853 3790 arbitrium
883 3726 988 3807 potest
1010 3718 1198 3808 aliqualiter
1224 3722 1277 3787 vi-
