2608 4220
257 139 323 246 διὰ
520 209 529 230 ,ί
564 157 623 209 ιιι,
640 153 909 208 surrnaumsro

597 360 775 446 Qunsrro
799 361 870 430 nv.

449 545 539 608 De
562 543 997 624 impedimento

405 636 1058 712 consanguininatis.

203 808 271 878 Art.
296 813 328 878 i.
350 807 400 878 An
422 808 563 893 definitio
587 812 865 895 consanguinitatis
887 809 1249 896 circumponentis,

226 905 260 966 et
281 903 329 966 est
353 899 526 964 vincutum
549 903 594 966 ab
616 901 733 968 eodem
754 901 865 984 stipite
889 902 1166 969 descendentium
1182 919 1252 966 ear·

227 990 294 1056 nali
318 988 553 1072 propagatione
575 993 795 1056 contractum.

229 1079 333 1146 *Non
357 1076 432 1144 ideo
455 1097 569 1144 omnes
598 1097 710 1148 sumus
740 1077 996 1163 consanguinei,
1029 1077 1108 1164 quia
1144 1078 1250 1144 virtus

226 1169 326 1252 primi
348 1167 483 1234 motoris
506 1187 567 1251 per
590 1169 693 1234 multa
723 1167 832 1235 media
865 1168 994 1246 deficit,
1028 1169 1106 1234 licet
1135 1167 1179 1234 sit
1214 1167 1249 1234 in

226 1260 341 1326 eadem
354 1255 472 1340 specie,
496 1260 529 1322 et
550 1258 778 1324 consideratur
802 1256 1019 1323 individualis
1047 1256 1248 1342 generantis,

225 1365 300 1432 quas
323 1346 428 1412 maior
451 1345 558 1412 estin
582 1347 660 1428 dlip,
680 1365 780 1431 quam
805 1345 840 1412 in
865 1349 998 1430 nepote.
1013 1346 1106 1428 item,
1130 1347 1166 1414 in
1179 1345 1250 1412 aliis

225 1436 422 1503 animalibus
444 1453 512 1502 non
536 1438 584 1501 est
606 1434 886 1521 consanguinitas,
901 1435 980 1520 quia
996 1455 1065 1502 non
1082 1435 1250 1502 uniuntur

225 1527 267 1590 ad
291 1525 452 1591 unitatem
476 1524 639 1606 amicitias,
664 1528 801 1611 propter
823 1524 1097 1610 propagationem
1119 1545 1163 1590 ex
1180 1545 1249 1591 nno

225 1618 362 1697 parente
384 1612 545 1698 proximo.

202 1703 271 1771 Act.
294 1704 327 1770 2.
355 1702 405 1772 An
433 1705 686 1788 consanguinitas
714 1703 928 1770 convenientos
960 1683 1188 1788 distinguatur.
1212 1703 1248 1788 rt.

223 1794 286 1874 Sic,
309 1796 343 1860 et
364 1797 422 1874 est,
447 1794 500 1860 vel
523 1794 805 1872 descendentium,
828 1793 882 1860 vet
904 1791 1175 1873 ascendentium
1195 1792 1248 1859 hic

224 1885 366 1988 gradus,
396 1882 450 1949 vel
484 1885 534 1949 est
566 1882 821 1950 communicatio
844 1882 935 1948 inter
956 1881 1073 1949 tratres
1108 1883 1153 1949 ab
1178 1901 1246 1948 nno

225 1972 399 2057 principio,
422 1976 456 2038 et
477 1974 528 2038 est
548 1971 637 2039 linea
659 1971 896 2039 transversaiis.
918 1971 1016 2051 Nota,
1039 1971 1247 2056 computatio

222 2063 333 2146 legalis
355 2053 496 2128 attendit
518 2061 712 2128 descensum
734 2080 776 2127 ex
810 2064 951 2146 utraque
981 2064 1076 2146 parte
1099 2080 1119 2128 a
1152 2079 1244 2128 com·

222 2151 317 2217 muni
339 2150 513 2235 principio,
537 2154 569 2215 et
591 2152 638 2218 sic
672 2151 738 2217 duo
764 2150 882 2216 tratres
910 2155 991 2217 sunt
1025 2149 1061 2216 in
1093 2151 1245 2218 secundo

223 2242 338 2326 gradu,
361 2240 476 2306 attilii
500 2240 643 2307 duorum
665 2239 841 2306 fratrum
831 2259 866 2305 ru
891 2243 1022 2328 quarto,
1037 2239 1096 2306 sed
1112 2258 1248 2324 compu-

222 2331 302 2398 tatio
323 2329 482 2397 eanonica
505 2331 554 2395 est
576 2333 707 2396 tantum
731 2349 772 2396 ex
794 2329 898 2394 altera
921 2334 1026 2413 parte,
1041 2328 1075 2395 in
1093 2348 1161 2414 qua
1178 2348 1248 2395 ma·
1298 2371 1299 2400 ι

222 2420 271 2486 ior
295 2437 453 2488 numerus
475 2419 639 2504 graduum
663 2418 845 2496 invenitur,
869 2421 903 2485 et
925 2418 972 2485 sic
985 2419 1053 2485 dno
1076 2417 1247 2486 iratresin

222 2509 329 2594 primo
352 2510 467 2595 gradu,
490 2508 577 2575 titius
599 2505 698 2576 unius
720 2507 831 2574 fratris
854 2511 902 2574 est
926 2509 962 2575 in
995 2507 1143 2574 secundo
1167 2526 1249 2575 cum

222 2601 325 2667 attero
347 2601 459 2679 tratre,
481 2597 558 2683 quia
581 2599 709 2666 dnobus
731 2597 889 2683 gradibus
912 2597 1012 2665 distat
1026 2617 1045 2663 a
1059 2597 1248 2662 communi.
1298 2659 1299 2668 2

200 2688 268 2758 Art.
292 2691 324 2759 3.
345 2687 396 2758 An
418 2689 668 2771 consanguinitas
696 2683 732 2754 do
754 2689 822 2754 iuro
850 2693 980 2756 naturas
1009 2684 1158 2770 inpediat
1185 2705 1250 2754 ma·

224 2782 411 2848 trimoniurn.
436 2779 472 2864 rt.
494 2776 604 2844 Potius
625 2797 668 2843 ex
690 2775 908 2861 congruentia
933 2776 1120 2855 deducitur,
1140 2778 1175 2840 et
1198 2776 1249 2842 sic

222 2873 384 2956 quantum
406 2868 449 2934 ad
470 2865 595 2950 aliquas
618 2885 773 2951 personas
795 2865 934 2950 impedit
951 2867 1018 2933 de'
1009 2884 1082 2932 rure
1098 2867 1247 2944 naturae,

223 2964 385 3045 quantum
407 2956 451 3024 ad
472 2956 550 3022 alias
572 2957 646 3024 de
636 2975 709 3023 rure
735 2954 860 3034 divino,
885 2959 1048 3043 quantum
1082 2954 1127 3021 ad
1160 2953 1249 3022 alias
1298 2987 1299 3030 ι

223 3046 297 3114 de
288 3065 360 3114 rnre
383 3046 534 3130 positivo
1298 3079 1299 3084 =

200 3135 267 3206 Art.
291 3135 323 3206 i.
345 3136 395 3205 An
416 3135 528 3220 gradus
554 3135 833 3219 consanguinitatis
865 3132 1060 3218 impedientes
1086 3134 1250 3202 matrimo-

223 3229 310 3297 nium
327 3228 490 3314 potuerint
510 3228 615 3294 iacun
636 3225 674 3292 at
696 3225 841 3294 &alesia
866 3225 903 3311 ri
925 3223 987 3291 Sic.
