2652 4198
433 87 683 168 n1v1onomn.
749 129 752 134 .
971 72 1058 146 {09-

27 225 150 298 aad.
177 226 232 297 Ao
248 232 347 298 mator
362 236 465 298 conset
478 231 723 307 inootoomriom
737 232 928 317 simpliciter.
946 235 982 318 d.
996 233 1078 316 Non,

47 317 111 385 nisi
149 321 345 390 secundum
376 321 474 406 quid,
503 321 687 390 secundnm
716 323 818 391 solam
846 324 1081 408 apprehensio·

45 428 141 474 nem:
180 413 222 474 nt
252 410 312 494 qui
341 409 473 496 proiicit
499 429 625 478 meroes
648 415 784 496 propter
806 415 1079 498 majusbonum,

45 504 91 564 est
113 497 321 582 simpliciter
344 501 582 582 voluntarium,
605 502 683 587 quia
706 501 909 586 principium
925 508 1016 571 actus
1031 509 1081 572 cst

44 591 83 654 ab
123 589 239 670 intra,
274 594 307 656 et
337 594 429 656 actus
463 594 630 658 humanus
652 592 829 678 singularis
850 593 1080 662 consideratur

44 679 240 746 secundnm
264 679 519 749 circumstantias
539 681 606 759 iric,
630 685 663 747 et
686 701 789 762 nune,
804 682 882 748 licet
895 684 1079 751 secundum

45 766 127 852 qnid
155 771 283 849 noilct;
304 788 397 837 εεειιε
419 771 456 837 in
480 771 548 850 his,
576 779 651 856 qnae
676 772 763 838 fiunt
786 790 846 856 per
869 772 939 838 vim
963 773 1080 840 rolon-

45 861 112 924 tate
137 878 212 927 non
236 861 476 926 consentiente.
502 860 583 927 item
606 863 698 928 actus
720 880 762 926 cx
785 865 877 928 metu
897 866 947 928 est
961 865 1080 929 voiun-

46 948 174 1016 tarium
198 949 412 1034 simpliciter,
439 950 705 1019 involuntarium
728 953 792 1018 sub
813 952 1021 1032 conditione,
1044 953 1083 1018 id

45 1043 104 1118 est,
127 1039 159 1105 si
184 1058 257 1108 non
275 1043 365 1106 'esset
388 1043 506 1119 metus,
529 1059 598 1107 non
622 1042 776 1108 iacerem.
840 1063 843 1069 ·

28 1129 91 1196 Art.
116 1128 151 1196 7.
176 1129 230 1196 Ao
252 1133 498 1215 concupiscentia
519 1137 623 1197 carcat
642 1132 897 1200 involuntariam.
931 1135 965 1216 ri.
993 1130 1078 1210 Non,

47 1219 102 1284 sed
127 1219 239 1304 magis
262 1220 341 1286 facit
365 1221 603 1299 voluntarium,
626 1221 705 1305 quia
728 1221 861 1306 respicit
884 1224 1020 1301 bonum,
1045 1226 1080 1288 ct

48 1313 156 1375 metus
180 1310 327 1390 malum3
350 1314 485 1378 etcum
508 1310 602 1379 inctu
625 1315 777 1378 remanet
798 1311 1019 1397 repugnantia
1037 1313 1079 1377 ad

49 1399 92 1478 id,
114 1401 210 1485 qnod
234 1399 304 1483 agit
324 1401 509 1468 secundum
530 1419 576 1480 se,
599 1419 676 1468 cum
699 1401 976 1487 eoncupiscentia,
997 1421 1078 1479 non,

49 1506 121 1572 quae
143 1490 173 1555 ci
199 1490 334 1556 tolleret
355 1490 596 1574 cognitionem,
624 1494 707 1557 essct
730 1490 995 1559 invoiuntarium
1018 1490 1079 1556 im·

51 1578 206 1662 proprie:
232 1597 311 1646 nam
333 1579 361 1646 si
384 1583 492 1664 potest
526 1581 638 1647 adesse
672 1581 832 1666 cognitio,
855 1586 903 1648 εει
926 1581 1079 1647 volunta·

51 1667 146 1748 rium,
171 1688 246 1736 non
271 1667 361 1734 enim
384 1669 513 1736 tollitur
535 1671 693 1754 potentia.

32 1755 93 1826 Art.
116 1761 148 1828 8.
173 1760 230 1829 Ao
252 1760 435 1844 ignorantia
460 1768 563 1828 caract
592 1759 846 1830 ioooiootoricm'.
884 1763 918 1845 ιι.
954 1758 1079 1828 Conco·
1179 1805 1181 1808 -

52 1849 188 1930 mitons,
215 1850 252 1916 id
275 1855 336 1929 est,
360 1851 386 1915 si
409 1850 509 1917 sciret
532 1856 566 1916 et
588 1852 697 1919 adhuc
720 1852 859 1931 iaceret,
891 1869 977 1929 non,
1002 1849 1080 1934 quia

54 1938 96 2004 nil
118 1940 202 2008 iacit
225 1959 417 2026 repugnans
440 1940 621 2022 voiuntati3
651 1942 710 2008 sed
733 1940 812 2007 iacit
834 1937 903 2006 non
927 1939 1080 2006 volunta·

54 2029 152 2111 dnm,
185 2031 268 2116 quia
292 2051 360 2098 non
383 2035 432 2098 εει
455 2030 595 2116 volitum
619 2031 709 2116 quod
732 2049 801 2098 non
825 2033 874 2096 est
895 2028 1078 2116 cognitum.

53 2119 243 2205 ignor-amia
264 2139 485 2207 consequens,
507 2121 543 2187 id
566 2123 631 2200 εει,
655 2121 790 2206 quando
813 2121 887 2186 vult
908 2120 1074 2206 ignorare,

54 2215 86 2276 ut
117 2215 260 2280 excuset
294 2215 465 2295 peceatum
489 2210 561 2278 sive
582 2210 725 2290 directe,
750 2211 872 2290 idest,
895 2211 985 2295 quod
1008 2228 1078 2277 non

55 2304 120 2369 vnit
141 2302 242 2380 seire,
266 2299 338 2368 sive
359 2300 592 2379 indirecte,.id
615 2304 674 2380 est,
693 2300 828 2386 quando
843 2299 982 2368 dimittit
996 2299 1081 2366 scire

56 2393 138 2477 quod
161 2395 307 2476 poterat,
331 2395 365 2457 ει
387 2389 646 2482 εειειειεείεε,
665 2391 744 2457 facit
759 2389 987 2457 voluntarium
1001 2389 1080 2455 sim·

57 2484 191 2563 pliciter.
230 2479 420 2564 Ignorantia
453 2475 669 2559 antecedens,
698 2481 733 2547 id
759 2485 823 2558 εει,
852 2479 985 2564 quando
1009 2496 1078 2544 non

57 2575 246 2652 tenebatur,
280 2571 333 2638 vel
361 2591 430 2638 non
457 2573 588 2654 poterat
612 2570 712 2650 scire,
737 2574 770 2636 et
793 2573 841 2636 est
864 2567 1079 2647 causaiacti,

57 2659 164 2741 idest,
190 2660 220 2727 si
243 2661 343 2728 sciret
366 2680 434 2727 non
458 2661 591 2740 faceret,
615 2660 694 2728 facit
716 2659 982 2728 involuntarium
1001 2657 1080 2724 sim·
1173 2664 1179 2672 “

60 2751 194 2833 pliciter.

424 2927 605 3014 QUAESTIO
629 2929 691 3001 vll.

45 3111 119 3182 Do
143 3115 641 3268 circumstangtiis
665 3114 1078 3208 humanorum

427 3218 499 3268 ao
529 3219 692 3274 uum.

44 3383 98 3452 Art.
120 3384 151 3454 l.
177 3383 231 3452 do
254 3384 489 3450 decoronare
503 3384 548 3450 rit
560 3381 698 3450 occidens
713 3383 840 3452 dumont
854 3387 950 3449 εειεε.
969 3383 1003 3464 ιι.
1019 3381 1081 3461 Sic,

61 3475 130 3558 qnia
163 3479 217 3542 εει
249 3476 343 3540 extra
378 3471 612 3553 sumtantiam,
644 3477 678 3540 et
709 3477 820 3542 tamen
853 3472 947 3540 iilum
970 3469 1081 3555 aliquo

62 3567 152 3632 modo
173 3563 323 3647 attingit.

55 3653 111 3726 m.
134 3654 168 3726 2.
192 3659 245 3726 Aa
267 3656 504 3726 circumstantie
526 3655 727 3730 tenerorum
749 3660 869 3729 ordros
896 3654 963 3723 ator
988 3655 1084 3724 coari-
