2608 4220
282 141 350 210 ulo
585 162 631 212 ux
656 159 920 214 sorenuunnno

1038 243 1186 252 n*-

235 276 302 348 Art.
326 277 358 348 2.
381 277 430 348 Au
452 278 564 363 orodes
588 273 783 347 beatitudiuis
805 277 931 344 detentu
950 276 1013 344 dios·
1034 280 1217 344 mansiones.
1245 282 1275 346 rt.

257 368 318 445 Sio,
342 368 420 452 quia
443 369 629 452 assequutio
652 370 728 434 linis
750 367 923 451 appetitivi
946 367 1069 433 dieitur
1092 369 1231 444 mansio,
1249 373 1277 432 et

256 455 326 522 linit
348 459 466 522 domus
501 457 716 524 beatitudinis
739 462 889 541 respectu
913 456 1032 522 obieeli
1055 456 1097 522 sit
1126 477 1204 533 una,
1231 463 1277 521 ta-

258 565 335 614 men
359 549 516 627 exparte
552 549 724 616 beatorum
748 553 827 615 sunt
849 547 978 626 multae,
1002 546 1079 631 quia
1116 546 1277 612 differunt

258 635 492 702 beatitudines.

257 725 269 750 “
293 724 329 790 ln
353 726 466 805 limbo,
489 727 522 790 et
545 725 734 811 purgatorio
771 745 839 792 non
862 729 941 791 sunt
979 723 1174 804 mansiones,
1199 725 1275 808 quia

254 813 311 899 qui
333 814 379 882 ibi
402 817 481 881 sunt
505 835 572 881 non
595 820 674 882 sunt
697 815 891 899 consequuti
914 833 1011 880 suum
1027 817 1139 881 linem.

231 902 299 970 Art.
324 903 355 971 3.
378 904 427 972 Au
450 904 583 973 diversae
610 907 779 976 mansiones
802 905 1035 991 distinebantur
1065 923 1156 987 penes
1178 903 1276 970 diuor-

254 1013 302 1059 sos
323 993 436 1084 qrodus
463 997 636 1064 oborttotie.
659 997 694 1080 d.
717 995 779 1073 Sto,
804 993 881 1079 quia
904 995 1024 1078 gradus
1061 993 1275 1060 beatitudinis

251 1088 330 1150 sunt
351 1085 535 1151 seeundum
559 1087 679 1170 gradus
702 1084 879 1151 eharitatis.
1294 1079 1295 1088 ’

600 1261 777 1348 bourn
801 1260 902 1329 xorv.

422 1445 513 1509 De
537 1443 716 1510 modo
741 1459 859 1524 quo
884 1443 1082 1508 sancti

283 1547 352 1597 se
375 1535 684 1601 habebunt
708 1550 856 1614 erga
881 1530 1214 1601 damnatOS.

228 1706 296 1777 Art.
311 1709 341 1776 l.
364 1710 414 1778 Ao
437 1710 517 1778 teeti
537 1712 592 1796 qui
613 1718 708 1780 eruut
726 1714 763 1780 io
782 1712 888 1795 poeria
903 1708 1048 1776 videbunt
1064 1727 1179 1792 pomos
1190 1710 1271 1778 dou·

250 1806 404 1867 uotorum.
430 1803 464 1886 rt.
488 1801 551 1882 Sle,
575 1802 669 1867 utin
694 1801 898 1868 beatitudine
921 1799 1023 1885 magis
1034 1801 1269 1884 complaceant,

231 1892 283 1955 ‘et
305 1890 373 1956 Deo
397 1890 536 1956 maiores
558 1891 678 1974 gratias
701 1891 851 1957 reddant.

226 1975 297 2046 Art.
312 1979 343 2047 2.
367 1978 417 2047 Au
447 1980 528 2048 beuti
561 1975 953 2065 'comportantur-muenia
986 1978 1211 2045 damnatorum.
1238 1983 1269 2064 rt.

247 2067 320 2135 Non
342 2070 406 2134 erit
429 2088 488 2153 per
510 2072 646 2136 modum
671 2071 839 2154 passionis,
864 2089 926 2135 nee
949 2087 1009 2153 per
1038 2071 1175 2135 modurn
1207 2071 1269 2134 ele-

247 2158 376 2238 ctionis,
400 2161 477 2243 quia
501 2162 619 2226 volunt
648 2162 737 2244 quod
761 2159 847 2225 Deus
884 2159 967 2238 vult,
991 2162 1025 2223 et
1047 2157 1093 2224 sio
1116 2178 1189 2225 nou
1212 2160 1269 2224 eli·

247 2251 331 2330 gunt
352 2250 525 2315 damnatos
548 2248 673 2332 privari
697 2269 819 2332 poena;
842 2250 900 2315 sed
923 2267 1000 2333 erga
1023 2251 1211 2330 moratores
1235 2249 1268 2314 in

247 2338 308 2402 hae
330 2338 408 2424 vita,
431 2337 488 2418 sie,
508 2339 585 2423 quia
608 2340 736 2405 volunt
750 2357 864 2404 eorum
888 2340 1037 2416 salutem,
1061 2343 1095 2403 et
1117 2337 1181 2420 ipsi
1198 2357 1269 2420 pos

246 2429 325 2493 sunt
346 2427 466 2493 salvari
489 2427 561 2493 sine
584 2429 775 2512 praeiudicio
797 2428 921 2493 divinae
944 2427 1085 2493 iustitiae.
1294 2489 1295 2496 ,

221 2514 290 2583 Art.
315 2514 346 2582 3.
368 2515 418 2583 Αιι
441 2516 520 2583 loeti
543 2519 694 2585 laetemur
716 2518 751 2584 de
770 2535 868 2601 poeno
881 2517 1101 2583 damnatorum.
1120 2517 1156 2600 rt.
1185 2517 1267 2594 lton,

246 2608 282 2670 ut
305 2624 404 2688 poena
427 2605 660 2673 damnatorum
689 2612 789 2685 sunt,
824 2608 882 2673 sed
916 2608 1062 2691 gaudent
1083 2606 1126 2670 de
1148 2606 1265 2671 divina

246 2694 379 2770 iustitia,
404 2700 437 2760 et
459 2715 518 2762 sua
540 2696 756 2776 liberatione,
788 2699 821 2762 et
843 2696 889 2763 sio
911 2701 949 2761 ut
983 2697 1107 2763 babent
1140 2694 1267 2780 aliquid

246 2784 324 2850 boni
347 2803 527 2854 annexum.

608 2962 796 3049 QuAEsno
825 2962 913 3033 xcv.

377 3145 469 3210 De
494 3144 737 3212 dotibus
760 3149 1099 3212 beatorum.

220 3320 288 3390 Art.
313 3320 343 3390 l.
366 3321 415 3390 An
437 3323 503 3388 siut
520 3322 675 3406 ponendae
697 3324 817 3408 aliquot
839 3323 919 3391 dotes
942 3327 977 3390 iu
1000 3321 1174 3391 lomtur'lnu
1199 3323 1265 3392 leo·

244 3414 292 3476 tis.
319 3413 353 3497 rt.
373 3409 443 3491 Sia,
466 3417 500 3477 et
522 3414 608 3478 dona
632 3414 708 3479 data
736 3433 754 3480 a
791 3414 857 3480 Deo
886 3415 928 3481 ad
962 3419 1116 3480 ornatum
1145 3435 1265 3481 eorum

241 3501 325 3567 sieut
347 3507 542 3567 ornamento
563 3521 757 3584 sponsarum
781 3503 815 3570 in
844 3503 1054 3570 matrimonio
1070 3508 1198 3571 oarnali
1225 3509 1266 3572 ad

241 3582 353 3656 dotem
376 3591 555 3674 pertinent,
579 3594 612 3656 et
634 3592 758 3659 dantur
780 3613 800 3659 a
823 3597 891 3660 tota
912 3593 1089 3673 Trinitate,
1113 3594 1193 3661 lieet
1206 3598 1265 3664 da·

240 3678 551 3827 tiolapproprietnr
583 3680 692 3758 Patri,
728 3683 808 3747 dum
845 3683 1030 3750 traducitur
1065 3701 1188 3766 sponsa
1227 3689 1260 3752 in

240 3783 298 3831 ooe
310 3783 378 3829 um.
853 3797 855 3806 ¹
