2652 4198
333 97 340 102 '
409 142 412 154 .
470 111 547 164 urrr
575 107 723 164 uxoren.

456 340 640 459 aunario
663 292 730 408 xx.
847 279 852 320 ⁵

218 527 315 592 De
339 529 613 592 bonitate
639 531 703 592 et
725 525 962 591 malitia·

257 619 647 684 exteriorum
667 622 924 682 actuum

219 719 222 726 ’
281 732 284 745 ·
372 711 801 774 humanorum.

56 880 122 948 Art.
150 883 182 952 i.
208 885 260 952 Ao
285 885 406 954 bonitas
432 895 464 954 et
484 889 606 956 molitio
632 905 689 972 per
713 888 803 970 prius
831 887 877 952 ιιι
901 884 937 950 io
965 890 1038 952 aeto
1067 903 1116 950 oo·

79 973 230 1058 tuotone,
263 979 311 1043 oet
336 981 373 1043 ιἰι
401 987 472 1046 oeta
493 980 653 1046 auteriori.
678 979 713 1061 ιι.
737 974 870 1042 Bonitas
893 994 935 1040 ex
958 974 1027 1040 fine
1054 992 1114 1056 per

78 1063 172 1144 prius
210 1070 260 1132 est
295 1066 331 1132 in
366 1072 442 1134 aotu
469 1068 650 1138 voluntatis
672 1066 731 1152 qui
754 1063 944 1132 immediate
968 1063 1114 1130 retertur

78 1153 119 1217 ad
142 1155 263 1235 tinem,
286 1175 346 1222 seu
368 1160 546 1242 objectum.
571 1156 652 1224 item
669 1155 816 1235 bonitas,
843 1155 898 1219 vel
921 1151 1047 1219 matitia
1064 1173 1113 1219 ex

77 1242 226 1324 obJeeto,
252 1247 306 1310 vei
330 1246 587 1314 circumstantiis
609 1247 702 1313 aetus
724 1243 914 1322 exterioris,
942 1246 1051 1309 otest
1076 1242 1112 1310 in

78 1336 347 1416 apprehensione
370 1337 555 1423 perprius,
579 1341 627 1402 est
650 1337 686 1402 in
711 1339 787 1402 notu
810 1333 984 1409 exteriori,
1009 1352 1111 1418 quern

79 1421 161 1488 ratio
186 1425 348 1508 proponit
371 1428 546 1494 voiuntati.
569 1426 651 1492 item
680 1429 750 1492 tota
778 1424 910 1494 bonitas
939 1426 1030 1491 aetus
1055 1443 1112 1488 ex·
1167 1434 1170 1438 ·

78 1511 221 1591 terioris,
247 1519 285 1580 ut
308 1519 356 1581 eat
378 1517 414 1582 in
438 1517 643 1597 executione,
668 1517 792 1600 pendet
807 1517 849 1582 ab
864 1516 941 1580 actu
957 1512 1110 1580 interiori

79 1601 274 1681 voluntatis„
299 1610 336 1670 ut
359 1623 378 1672 a
402 1625 498 1672 eausa
521 1606 696 1674 ettioieute.

59 1687 119 1756 Art.
142 1693 176 1760 2.
201 1692 254 1760 Aa
280 1701 342 1760 toto
365 1695 495 1779 bonitas,
518 1699 564 1762 vet
587 1698 709 1764 molitio
736 1697 899 1762 exterioris
927 1700 1013 1760 octus
1041 1713 1111 1777 peo-

78 1780 143 1847 not
176 1802 222 1848 eo·
249 1783 384 1856 bonitate
413 1788 591 1856 ιιιιιιιιιιιὶι.
625 1789 666 1871 ιι..
691 1786 825 1854 Bonitas
850 1804 892 1850 ex
921 1785 1050 1866 abieoto
1074 1790 1108 1852 et

76 1870 338 1942 eurumstantiia
364 1878 489 1960 pendet
508 1897 560 1943 ex
584 1881 660 1943 antu
682 1875 862 1956 exteriore,
894 1873 954 1938 sed
976 1873 1109 1947 bonitas

74 1977 114 2026 ex
133 1963 211 2030 fine
232 1966 360 2048 pendet
380 1968 425 2034 ai)
445 1971 527 2034 aotu
545 1967 713 2043 interiore.

60 2047 173 2121 rra-o.
200 2053 253 2121 Aa
275 2054 394 2124 boattoe
420 2066 451 2126 et
477 2059 599 2130 molitio
627 2060 672 2125 rit
692 2055 792 2126 eodem
815 2056 979 2124 aanor
1002 2062 1037 2122 et·
1057 2059 1107 2124 io·
1165 2079 1175 2082 ·

80 2146 200 2212 trinis
222 2153 319 2214 arua
347 2147 380 2232 r).
404 2145 545 2230 Quanuo
567 2152 658 2216 aetna
674 2147 821 2216 exterior
835 2135 1103 2226 astindiifereus,

76 2236 215 2302 estana
238 2237 369 2303 mulitia
385 2255 429 2304 ex·
451 2240 546 2319 tine,
566 2259 640 2324 quae
663 2242 712 2305 eat
731 2238 826 2322 priua
850 2237 895 2304 in
915 2240 992 2307 aotu
1016 2236 1105 2303 iute-

79 2321 179 2402 riore;
202 2329 340 2409 qnando
363 2330 623 2412 obieetuni'non
645 2333 694 2396 eat
710 2328 915 2414 indifferens,
930 2328 1011 2398 sont
1028 2327 1104 2394 duae

80 2411 223 2492 nuitiae,
255 2415 291 2482 id
318 2419 383 2497 eat,
407 2419 588 2500 bonitates,
608 2439 675 2487 ona
698 2437 740 2486 ex
763 2420 908 2503 abieoto,
933 2415 1038 2482 altera
1061 2437 1104 2484 ex

79 2501 156 2581 tine,
188 2507 223 2568 et
251 2509 391 2592 nmque
414 2510 522 2592 primo
545 2513 594 2576 est
616 2509 652 2576 in
675 2529 735 2576 suo
757 2512 852 2587 autu,
874 2505 933 2572 sed
954 2525 989 2570 se
1013 2511 1103 2574 oons-

15 2643 18 2652 .
80 2592 264 2660 munioant:
289 2598 327 2661 ut
349 2593 500 2666 occidere
523 2600 692 2666 homiuem
715 2600 758 2666 ad
781 2600 884 2665 tinem
906 2595 1055 2663 furandi.

22 2709 27 2727 ·
63 2677 119 2746 Art
140 2681 172 2748 i.
197 2682 249 2752 rte
271 2692 357 2755 ιιιιιιε
386 2693 522 2758 comior
551 2689 670 2774 aliqud
699 2687 790 2757 oddot
818 2687 864 2756 do⁴
881 2687 1022 2768 mut'tto,
1055 2686 1103 2756 oet

81 2768 208 2840 intimo
227 2793 324 2859 supro
346 2783 656 2851 nominatorem.
682 2783 718 2867 rt.
741 2778 822 2858 Non,
847 2776 910 2844 nisi
935 2795 994 2860 per
1016 2777 1105 2844 eooi-

80 2859 163 2943 deus,
187 2863 224 2930 id
248 2870 311 2945 est,
332 2868 513 2936 innovatur
536 2873 690 2937 voluntas
712 2889 790 2936 oum
813 2867 957 2934 exterius
981 2885 1102 2950 opera·

81 2953 144 3031 tur,
176 2955 232 3020 vei
260 2957 451 3038 extensive,
480 2961 559 3046 qnia
580 2959 814 3038 eontinentur,
838 2958 892 3024 vei
915 2956 1105 3028 intenditur

81 3047 209 3144 propter
232 3045 511 3129 detentationem
526 3051 605 3117 item
625 3050 757 3134 perficit
770 3049 963 3117 interiorem
980 3054 1018 3120 ιιι
1037 3053 1105 3116 ter·

82 3145 201 3211 aarum,
233 3141 267 3202 et
293 3137 386 3217 finis,
410 3142 445 3204 et
465 3140 494 3206 ai
519 3159 588 3207 non
610 3141 654 3206 ait
676 3139 821 3216 exterior
845 3157 915 3208 non
939 3140 1105 3208 minuitur

15 3255 21 3282 t
82 3218 203 3288 bonitas
227 3227 280 3291 vei
305 3229 430 3294 matitia
451 3229 631 3298 interioris.

63 3305 117 3375 Art.
139 3310 170 3379 5.
194 3311 245 3382 An
268 3325 390 3387 evemus
414 3338 557 3403 sequena,
587 3320 708 3404 aliquid
736 3320 828 3388 addat
856 3320 1023 3403 bonitatis,
1057 3322 1105 3389 oet

79 3399 198 3468 molitio
231 3409 316 3474 actui
349 3412 508 3477 auteriori.
546 3412 581 3496 ιι.
609 3410 642 3477 Si
669 3417 719 3478 est
741 3432 800 3496 per
822 3433 857 3478 se
880 3418 1101 3498 subsequens,
1214 3483 1222 3504 ,

79 3486 145 3589 lieet
168 3511 237 3561 non
261 3496 304 3561 sit
327 3499 595 3582 praemeditatus,
620 3501 714 3569 addit
737 3504 931 3583 bonitatem,
955 3505 1007 3569 vel
1034 3523 1102 3573 ma·

79 3575 183 3661 lutiam,
205 3584 235 3651 si
258 3589 307 3652 est
330 3590 561 3675 praecognitus,
585 3592 662 3678 quia
685 3593 732 3661 sio
755 3599 803 3662 est
826 3595 1045 3662 voluntarius.
1066 3595 1100 3664 Si

79 3670 119 3733 at
138 3690 199 3756 per
222 3675 378 3747 aoeidens
403 3679 439 3749 in
465 3681 729 3770 particularibus,
753 3703 822 3756 non
844 3685 1013 3770 praevisus,
1030 3685 1112 3754 uoo'
