2622 4210
471 77 549 134 o1v1
573 73 721 130 rnoun.
1003 57 1074 130 247

93 183 248 328 quia—est
270 223 376 288 motus
397 217 581 288 secundum
604 220 816 304 praeceptum,
840 222 874 285 et
896 218 1116 290 directionem

73 318 296 472 Arrsoffinffl
314 369 478 489 metientia
500 419 530 466 sc
552 399 697 468 ecteodot
721 399 760 464 od
785 401 921 484 reqtmco
943 399 1116 468 multitudi-

94 497 160 560 uis.
189 495 226 578 ri.
247 491 318 572 sio,
347 492 423 575 quia
446 492 572 556 bonum
596 508 771 558 commune
794 489 929 570 melius,
951 491 1044 577 quasi
1066 493 1116 558 to-

74 586 299 740 ritrltmifaraffc
314 671 477 756 prudentio
499 670 533 738 dc
556 671 640 737 tooo
651 672 776 754 proprio
805 669 929 752 differat
956 673 1052 756 specie
1080 671 1118 739 ob

97 782 151 843 co,
172 783 239 848 pseu
261 769 307 829 cat
327 761 362 827 do
385 762 460 828 bono
482 765 645 830 comment.
673 763 708 848 ti.
731 759 799 840 Sic,
828 761 905 848 quia
927 761 964 828 in
988 762 1117 828 ratione

96 854 228 926 ior-maii
251 852 343 931 onis,
371 855 408 916 ut
430 851 564 930 Politice
587 853 740 918 debono
763 851 933 917 communi
956 850 1116 934 civitatis,

98 941 316 1010 OEoonomica
339 942 381 1008 de
403 943 492 1012 bono
515 943 642 1023 domus,
665 941 839 1008 Monostica
855 941 1000 1008 debono
1015 941 1117 1010 unius

78 1053 295 1194 Aggmfffio
314 1123 599 1208 potentiacum
621 1121 766 1206 sctdttts,
789 1123 837 1190 ool
858 1123 955 1188 sotrum
978 1125 1015 1189 io
1031 1124 1118 1208 prio·

100 1215 226 1302 cipibus.
259 1217 293 1300 rt.
324 1214 359 1280 in
386 1214 550 1298 utrisque,
573 1213 630 1278 sed
653 1211 688 1278 in
712 1210 763 1279 bis
786 1211 1117 1293 architectonicmin

101 1305 174 1385 iilis,
197 1309 235 1371 ut
258 1303 483 1389 operantibus.

16 1395 17 1402 ’
80 1392 145 1462 Art.
170 1394 222 1462 ib.
246 1394 295 1462 Ao
315 1394 480 1478 promotio
501 1395 598 1476 possit
617 1413 678 1459 esse
697 1395 732 1462 ic
744 1393 961 1478 peccatoribus.
982 1394 1018 1478 rt.
1034 1391 1118 1460 Vera

101 1487 143 1558 ad
165 1488 293 1554 bonum
315 1487 418 1551 tinem
442 1483 542 1550 totius
564 1485 642 1549 vitae
665 1504 751 1564 non,
781 1484 859 1569 quia
886 1485 995 1550 essent
1021 1482 1118 1563 boni,

101 1574 178 1640 falsa
207 1576 249 1641 ad
278 1575 402 1641 malum
431 1575 533 1641 finem
555 1573 618 1654 sic;
645 1575 735 1640 unde
758 1573 881 1641 dicitur
904 1573 1050 1658 prudens
1072 1573 1119 1640 ia·

101 1670 165 1771 tro3
187 1663 268 1732 Item
292 1663 469 1748 prudentia
491 1662 764 1744 indifferentium,
790 1663 875 1730 sieut
898 1662 1044 1749 prudens
1060 1681 1119 1730 ne·

83 1759 299 1920 Αςνῗιιῖῗῖᾎη
321 1845 485 1929 proderetis
504 1848 551 1911 sit
569 1848 605 1912 io
628 1846 765 1912 omuibus
782 1841 960 1913 habentibus
973 1845 1119 1926 pretium.

16 1977 17 2002 2
102 1937 137 2020 ri.
160 1935 227 2014 Sic,
259 1935 337 2021 quia
363 1937 473 2002 nullus
502 1939 552 2001 est
580 1935 747 2001 virtuosus
772 1935 844 2001 sine
867 1932 1061 2018 prudentia,
1085 1937 1118 2000 et

102 2025 136 2090 in
159 2024 269 2093 dubiis
291 2027 406 2090 saltem
426 2025 490 2090 sibi
506 2026 683 2091 consulunt
698 2025 832 2092 consilia
848 2023 1019 2110 pectendo.
1036 2019 1119 2089 Item

100 2116 208 2200 pueris
231 2115 402 2198 baptizatis
424 2117 473 2179 est
495 2113 839 2200 prudentiagratuita
861 2111 1043 2202 secundum
1058 2114 1119 2181 ba·

103 2204 217 2282 bitum,
241 2220 310 2271 nou
333 2203 499 2288 loquimur
523 2205 564 2270 de
587 2203 763 2289 acquisitis.

84 2291 145 2366 Art.
170 2295 224 2364 to.
253 2294 303 2364 Ao
327 2294 491 2378 prudentio
517 2297 552 2360 io
578 2297 622 2359 sit
647 2294 734 2368 cotis
761 2310 783 2362 o
812 2301 934 2362 acturo.
965 2296 1000 2380 ἡ.
1030 2291 1118 2372 Non,

102 2385 157 2450 sed
180 2403 241 2470 per
263 2384 513 2468 experientiam,
536 2383 589 2449 vei
607 2384 804 2464 doctrinam,
817 2385 878 2452 sed
893 2385 1009 2452 insunt
1023 2384 1118 2468 prin·

103 2474 187 2557 cipia
210 2473 383 2542 battualia.

84 2562 146 2630 Art.
172 2563 234 2632 ro-
246 2563 298 2632 Aa
317 2563 481 2647 prudentio
492 2565 591 2648 possit
600 2565 704 2632 omitti
717 2584 772 2652 per
788 2564 977 2633 obliuionem.
995 2565 1031 2652 ri.
1047 2561 1118 2631 Non

104 2653 245 2734 tollitur,
259 2656 324 2726 sed
347 2655 542 2738 impeditur,
567 2656 644 2740 quia
667 2655 815 2723 consistit
837 2655 936 2726 etiam
960 2655 995 2723 io
1019 2673 1117 2752 appe«

105 2742 176 2825 titu,
200 2765 275 2812 non·
292 2744 397 2812 solum
421 2745 456 2811 in
480 2745 678 2829 cognitione.

431 2921 613 3012 consuo
638 2924 764 2997 xtvro.

198 3108 291 3176 Do
312 3109 593 3190 partibus
616 3110 1000 3194 prudentiae.
1044 3205 1046 3211 s
1093 3125 1096 3130 ’

87 3282 148 3352 Art.
184 3284 214 3353 t.
247 3284 298 3352 Aa
331 3290 543 3355 convenienter
578 3293 772 3374 osstpoeotor
803 3285 905 3376 poros
937 3287 1119 3374 prudentie.

106 3375 139 3458 ri.
161 3373 230 3455 Sic,
261 3377 339 3462 quia
365 3381 403 3442 ut
435 3377 470 3445 in
500 3378 688 3462 intellectu,
704 3386 797 3450 'sunt
818 3380 993 3460 memoria,
1017 3381 1120 3464 ratio,

107 3462 288 3532 intellectus
307 3467 475 3544 docilitas,
497 3469 645 3550 solertia3
668 3473 776 3540 otest
799 3469 1016 3556 praeceptiva,
1039 3477 1121 3536 sunt

107 3555 291 3636 prudentia,
315 3557 574 3641 circumspectio,
597 3562 715 3628 cautio.
739 3563 819 3628 ltem
835 3557 1026 3646 subjectivae
1040 3565 1119 3626 sunt

16 3705 17 3738 ,
108 3643 247 3728 cognitio
281 3645 447 3729 militaris,
484 3646 716 3732 OEoonomica,
743 3650 891 3726 Politice:
918 3649 997 3726 sunt
1019 3647 1120 3716 etiam

108 3731 176 3800 aliae
198 3737 308 3825 partes
329 3737 418 3827 large
439 3742 590 3828 sumptae,
612 3741 646 3807 et
668 3741 714 3810 ibi
736 3739 948 3811 declarantur
969 3758 1095 3808 omnes.
