2636 4202
464 101 542 154 nrvr
567 99 714 154 rnonm.
1024 77 1065 148 21

87 218 142 286 liei
165 221 285 288 efficax
308 217 479 286 concurrit
503 239 572 286 non
594 217 700 286 solnm
724 215 766 282 ad
790 233 871 298 rem,
895 216 953 282 sed
976 215 1019 282 ad
1043 233 1114 282 mo·
1181 250 1185 257 ·

87 308 166 375 dom
189 309 338 390 emendi,
362 309 397 374 id
421 313 479 389 εει,
502 310 555 376 vei
580 305 818 386 necessarium,
846 305 901 373 vel
925 325 1011 385 non,
1036 301 1113 392 quia

32 445 34 498 ‚
86 395 130 463 sio
153 399 297 485 requirit
320 399 403 466 ordo
428 397 587 465 universi.
613 397 694 464 item
718 397 807 484 quod
830 395 939 482 atique
962 395 1031 462 sint
1054 415 1114 461 ne-

32 505 34 542 r
88 490 236 568 cessaria,
260 489 370 573 aliqua
392 486 631 574 contingentia,
656 507 724 554 non
749 486 919 553 reducitur
942 486 984 552 ad
1000 503 1114 551 causas

31 547 33 620 1
87 578 265 656 secundas,
299 578 377 662 quia
413 583 544 660 possent
579 575 743 662 impediri.
771 575 852 642 item
876 575 1030 643 voluntas
1052 573 1112 640 Dei

88 667 181 750 ponit
205 667 433 733 necessitatem
457 666 716 734 conditionalem
740 667 850 732 rebus.

70 753 133 823 Art.
155 757 188 826 9.
220 755 432 824 Adoptantur
465 757 524 824 Dei
557 759 602 823 sit
632 757 791 824 motorum.
828 757 864 840 ri.
899 753 984 823 Deus
1019 753 1113 822 nullo

90 848 187 914 modo
211 847 285 913 vuit
308 849 434 934 maium
458 848 581 934 culpae,
604 847 681 933 quia
713 847 893 930 opponitur
920 865 988 912 snae
1015 843 1112 912 boni·

90 935 181 1018 tatis;
214 936 340 1002 malum
376 941 505 1003 naturae
530 955 588 1003 sen
616 955 740 1020 poene,
765 937 838 1002 vuit
861 953 921 1019 per
943 933 1112 1014 accidens,

89 1024 164 1110 qnia
187 1026 261 1091 vuit
280 1020 453 1110 justitiam.
477 1025 561 1094 ltem
585 1025 671 1092 Deus
687 1025 862 1112 permittit,
877 1026 935 1092 sed
952 1043 1021 1092 non
1038 1025 1112 1090 vuit

91 1113 173 1196 fieri,
196 1113 249 1180 vei
274 1133 343 1182 non
367 1117 452 1183 ticri.
943 1129 946 1136 ⁴

64 1201 132 1292 piat.
158 1204 210 1272 ιθ.
234 1203 283 1272 An
306 1206 388 1274 Deus
411 1205 519 1275 tabeat
540 1205 669 1276 liborum
691 1206 868 1276 arbitrium.
892 1207 927 1291 ri.
951 1203 1014 1285 Sic,
1030 1203 1111 1292 quia

91 1315 157 1362 non
181 1294 256 1362 vult
278 1317 320 1362 ex
344 1297 536 1364 necessitate
559 1299 622 1364 alia
646 1317 732 1378 esse,
767 1316 835 1364 non
864 1299 975 1363 tamen
1011 1297 1113 1362 habet

91 1386 132 1450 ad
156 1383 319 1452 rationem
343 1387 513 1471 peccandi,
536 1389 594 1454 sed
617 1388 659 1454 od
682 1388 841 1473 opposita,
867 1385 900 1452 id
924 1389 982 1478 est,
1006 1391 1112 1472 potest

90 1473 175 1541 Deus
197 1475 283 1558 ¹velie
305 1478 368 1543 hoc
391 1496 470 1555 esse,
493 1479 546 1543 vei
571 1496 638 1543 non
663 1497 744 1544 esse.

72 1561 134 1631 Art.
160 1563 212 1632 ii.
236 1562 285 1632 Aa
309 1569 344 1633 in
368 1565 430 1634 Deo
452 1569 497 1633 rit
511 1567 729 1651 distiupurrrdo
750 1567 892 1636 uoluatur
913 1569 999 1653 ripui
1021 1587 1040 1634 o
1061 1568 1111 1636 uo·

92 1653 205 1722 trratote
227 1657 495 1742 simplicianum
519 1657 710 1742 beneplaciti.
734 1658 770 1742 ri.
793 1655 856 1738 Sic,
879 1658 956 1725 licet
978 1656 1020 1724 sit
1044 1675 1112 1724 una

92 1745 258 1825 voluntas;
288 1748 347 1813 sed
381 1747 466 1831 signi
499 1752 549 1814 est
579 1747 817 1832 metaphorice,
843 1747 1041 1833 beneplaciti
1064 1752 1114 1814 est

91 1833 283 1919 simpliciter
314 1836 477 1903 voluntas.
504 1837 584 1905 item
617 1837 771 1903 voluntas
793 1833 879 1924 signi
905 1857 972 1904 non
998 1839 1046 1903 εει
1068 1838 1113 1904 si·

93 1943 202 2008 gnum,
227 1927 317 2012 quod
340 1923 426 1993 Dens
449 1927 538 2008 velit,
562 1929 620 1994 sed
643 1947 717 2012 quae
741 1925 776 1993 in
802 1926 897 1994 nobis
920 1913 1000 1993 sunt
1018 1927 1113 2012 signa

94 2013 242 2093 volendi,
273 2015 307 2082 in
339 2015 407 2084 Deo
430 2013 591 2084 dicuntn'r
613 2016 739 2084 divinae
762 2015 967 2097 voiuntates3
991 2019 1028 2082 ut
1051 2035 1113 2102 pn·

92 2102 171 2171 nitio
195 2102 230 2170 in
255 2104 350 2172 nobis
373 2110 421 2172 ost
443 2106 576 2193 signum
599 2107 669 2186 irae,
693 2107 729 2172 in
752 2104 820 2172 Deo
843 2105 903 2172 ira.

73 2189 133 2260 Art.
156 2191 209 2262 12.
233 2192 282 2260 Au
306 2197 341 2261 in
365 2197 429 2262 Deo
452 2199 667 2265 conuenienter
687 2204 847 2281 paccatur
869 2199 1003 2282 puiopca
1021 2197 1113 2281 aipoo

94 2285 171 2350 circo
191 2283 328 2351 diuinum
351 2289 544 2356 voluptutem.
569 2287 604 2371 rt.
629 2283 691 2366 Sic,
715 2285 793 2372 quia
816 2305 875 2353 nos
898 2287 1046 2372 quinque
1068 2286 1113 2352 si·

97 2373 165 2456 gnis
187 2374 326 2440 utimur.
353 2375 463 2443 Primo
486 2397 563 2443 cum
587 2376 712 2442 directe
743 2393 938 2458 operamur,
965 2374 1113 2460 operatio

95 2465 139 2526 εει
165 2461 309 2548 signum.
340 2463 492 2534 Secundo
522 2477 600 2533 cum
630 2484 698 2532 non
727 2462 941 2549 impedimus,
965 2469 1014 2531 est
1038 2485 1113 2548 per·

97 2552 209 2619 missio.
232 2554 344 2622 Tertio
362 2574 439 2622 cum
455 2556 676 2642 praecipimuS,
692 2557 741 2619 est
757 2559 970 2640 preceptum.
987 2556 1112 2639 Quarto
1194 2593 1196 2598 ·

97 2643 429 2795 cumnlprohibemus,
461 2644 652 2732 prohibitio.
674 2643 798 2727 Quinto
821 2664 897 2722 cum
921 2647 1111 2726 suademus,

98 2749 272 2800 oonsrrnm.

451 2914 636 3004 QUAEs'no
659 2915 728 2990 XX.

337 3103 429 3168 De
453 3104 688 3172 Amore
711 3097 845 3170 Dei.

79 3271 136 3343 Art
160 3277 190 3348 i.
214 3278 264 3347 Au
288 3281 324 3372 ia
347 3279 411 3372 Deo
433 3283 477 3350 ait
497 3297 592 3352 umor.
616 3286 652 3370 d.
675 3281 746 3362 Sic,
769 3275 847 3369 quia
870 3279 919 3344 εει
941 3275 1114 3373 voiuntasp

95 3369 182 3454 cuim
213 3369 342 3454 primus
372 3377 471 3439 actuo
495 3375 635 3442 tendens
659 3369 695 3441 in
720 3373 847 3440 bonum
868 3368 1054 3436 secundum
1077 3385 1113 3432 se

43 3627 45 3635 ,
96 3461 325 3620 {tegorium
348 3553 488 3633 bonum,
519 3555 609 3642 quod
635 3553 697 3622 sibi
728 3554 800 3621 vuit
829 3569 941 3624 amore
963 3545 1111 3630 unitivo;

95 3637 232 3802 &goffia
255 3639 375 3728 quibus
398 3641 471 3712 vuit
493 3645 757 3740 bonum-quod
787 3643 829 3711 ad
851 3661 885 3712 se
908 3640 1114 3798 referatcou·
