2652 4198
265 111 331 184 lot
580 131 622 185 ιι
644 131 754 188 rurus
777 131 897 188 erare

241 309 316 376 quae
339 287 411 358 non
431 290 538 375 potest
561 307 695 358 movere
717 261 847 375 corpus,
871 290 935 358 nisi
958 249 1199 373 informatum,
1217 295 1282 360 sed

242 379 399 486 Angelus,
430 384 464 447 et
487 379 681 450 substantiae
693 379 907 467 spirituales,
938 399 1013 466 quae
1049 402 1118 451 non
1157 383 1282 452 deter-

240 470 415 538 minantur
443 471 485 538 ad
515 473 605 539 certa
628 489 767 557 corpora
799 475 940 555 possunt
967 471 1099 540 diversa
1126 490 1280 542 movere

242 560 398 630 localiter.
428 553 507 628 lte‘nr
534 563 701 630 daemones
728 563 864 647 fingunt
888 579 922 629 se
948 580 1019 630 esse
1042 561 1176 630 animas
1201 583 1280 630 mo·

242 655 358 718 ventes
380 671 509 774 corpus,
533 659 571 718 ut
592 653 770 736 decipiant.

574 829 755 954 ouusrro
775 828 901 918 ιιιιιιι.

275 1015 423 1080 De
448 1013 840 1083 traductione
863 1013 1147 1094 hominis,

567 1119 642 1170 ex
664 1106 912 1175 homine

393 1199 685 1277 quantum
711 1189 788 1260 ad
811 1195 1090 1278 animam

218 1372 287 1441 Art.
312 1373 343 1441 l.
367 1371 417 1440 Ao
440 1374 546 1440 animo
567 1376 714 1442 sensitiva
730 1372 908 1442 traducatur
923 1391 992 1440 com
1005 1373 1128 1441 ιιιιιιιιι.
1145 1373 1183 1457 ιι.
1200 1373 1272 1452 Sic,

241 1462 317 1548 quia
341 1469 519 1549 generatur
542 1467 584 1531 ab
607 1464 719 1532 anima
741 1462 931 1550 generantis
958 1461 1206 1548 principaliter,
1235 1469 1273 1528 et

241 1573 260 1618 e
281 1552 408 1620 semine
431 1553 745 1634 instrumentaliter3
772 1554 858 1622 sicut
884 1553 991 1621 virtus
1020 1552 1272 1619 elementorum

120 1685 132 1712 .
241 1645 378 1727 generat
406 1643 553 1712 animam
579 1643 615 1709 in
642 1643 841 1712 animalibus
867 1641 986 1728 genitis
1009 1644 1052 1709 ab
1074 1642 1271 1723 elementis,

240 1735 274 1797 et
297 1752 366 1802 nnn
394 1737 552 1800 creantur
585 1753 605 1800 a
633 1731 715 1813 Deo,
749 1733 828 1819 quia
863 1752 933 1800 ιιοιι
966 1735 1273 1816 corrumperentur

240 1827 399 1907 corrupto
421 1843 569 1930 corpore,
593 1826 626 1891 et
648 1825 811 1890 baberent
822 1821 1061 1906 operationem
1083 1842 1125 1888 ex
1146 1840 1193 1888 se.

219 1912 287 1982 Art
311 1913 342 1982 2.
366 1911 416 1984 Aa
438 1918 543 1982 ocimo
565 1916 751 1983 intellectiva
773 1920 913 1982 consetur
940 1933 961 1979 ιι
986 1910 1270 2018 contuebitur

240 2004 318 2088 quia
343 2009 426 2071 esset
453 2005 601 2074 baeresis:
633 2024 711 2073 nam
734 2007 866 2071 creatur
889 2023 909 2069 a
933 2003 1015 2083 Deo,
1039 2007 1073 2068 et
1095 2002 1167 2070 sine
1190 2021 1270 2069 cor-

164 2175 167 2180 ·
241 2112 322 2176 pore
346 2094 504 2162 subsistit.

240 2180 393 2249 *Anima
416 2203 492 2250 cum
516 2184 639 2252 dicitur
661 2203 789 2269 egressa
811 2187 853 2254 de
875 2186 1011 2264 temore,
1033 2181 1177 2251 sumitur
1200 2201 1268 2268 pro

240 2275 309 2338 toto
332 2273 477 2348 bomine.
501 2272 582 2340 ltem
604 2275 806 2346 adveniente
827 2273 1023 2360 perfectiore
1045 2275 1164 2356 forma,
1186 2293 1268 2340 cor·

241 2363 409 2446 rumpitur
432 2365 632 2446 praecedens,
655 2369 692 2430 ut
715 2364 869 2434 rationali
892 2365 1048 2433 veniente
1076 2365 1267 2448 corrumpi-

241 2457 296 2519 tur
325 2453 492 2522 sensitiva.
520 2452 600 2520 ltenr
632 2457 730 2523 bomo
760 2459 897 2542 generat
923 2453 974 2520 sui
999 2453 1160 2533 similem,
1181 2455 1265 2539 quia

240 2541 387 2626 disponit
408 2544 451 2611 ad
472 2543 714 2628 susceptionem
737 2545 857 2612 animae
881 2543 1061 2610 rationalis.

219 2631 288 2698 Art
313 2632 344 2700 3.
367 2631 417 2700 rio
440 2636 550 2702 ocimo
572 2636 710 2704 bomoao
732 2637 854 2720 fuerint
873 2640 981 2702 erecto
1007 2634 1100 2702 simul
1129 2653 1149 2700 o
1170 2637 1265 2718 prio·

241 2723 321 2805 cipio
346 2723 463 2790 mundi.
486 2725 526 2808 ιι.
553 2723 640 2802 Nou,
671 2726 729 2792 sed
756 2723 837 2792 dum
861 2724 1090 2792 intunduntur
1112 2724 1263 2809 corpori,

242 2830 304 2877 noc
325 2816 405 2880 sunt
427 2814 575 2898 ejusdem
598 2815 798 2882 conditionis
820 2833 897 2882 cum
919 2813 1058 2899 Angelis,
1082 2813 1161 2899 quia
1183 2814 1264 2882 uni-

242 2905 361 3057 rerlrtur
394 2903 656 2986 accidentaliter,
691 2906 850 2973 ethome
881 2906 965 2970 esset
993 2921 1099 2974 uuum
1126 2923 1187 2990 per
1209 2922 1263 2972 ae·

234 3010 273 3058 or
297 3010 374 3068 eus..

241 3080 256 3110 *
278 3080 364 3149 Deus
386 3082 524 3150 cessavit
547 3084 601 3151 die
623 3083 763 3170 septima
785 3103 854 3153 uon
878 3085 921 3151 ab
942 3085 1035 3152 omni
1061 3081 1176 3169 o‘pere,
1204 3086 1264 3152 sed

241 3191 260 3238 a
283 3172 378 3239 novis
402 3190 514 3240 rerum
530 3175 721 3260 generibus,
734 3178 767 3240 et
781 3174 952 3260 speciebus
967 3173 1161 3256 condendis.
1177 3173 1261 3242 ltem

242 3261 605 3470 restitutit
618 3249 1263 3439 mittattttttlltltlf
