2620 4210
399 117 476 168 ntur
500 113 647 166 renum.
909 97 912 106 '
935 101 1011 169 237'

28 273 101 322 uxor
125 255 258 320 liabens
280 251 407 337 aliquid
431 256 557 338 preter.
575 253 697 331 dotem,
723 253 775 318 vei
798 272 841 319 eu
863 273 921 320 suo
940 255 1043 330 luero.

29 344 71 409 rel
103 341 170 408 alio
207 343 299 408 licito
329 345 442 422 niodo,
474 347 579 426 potest
605 343 685 408 dare
708 342 949 428 eleemosynam
972 345 1044 412 sine

27 432 295 510 consensoria,
324 434 382 500 sed
410 434 593 507 moderate,
626 453 678 498 nc
698 432 944 517 depauperetur
974 435 1043 514 vir;

28 543 109 590 scens
133 542 206 590 non
233 526 338 608 polest
359 523 431 590 siue
453 541 615 592 consensu
638 521 703 588 viri
725 541 893 606 expresse,
921 525 976 592 vel
997 527 1045 592 ta·

27 615 91 692 cite,
116 612 184 678 nisi
208 613 245 680 in
268 631 343 679 casu
363 612 572 680 necessitatis.
589 611 672 678 lline
687 617 799 678 saneta
816 612 913 680 Lucia
929 615 1044 682 habuit

26 721 195 787 sponsum,
220 721 289 770 non
314 702 443 785 virnm3
468 701 570 768 etsie
592 703 635 768 de
657 721 818 769 consensu
840 704 963 772 'matris
986 725 1045 794 por

28 795 84 858 luit
105 793 218 858 lacere
241 793 495 878 eleemosynam.
520 791 598 857 ltem
623 792 710 859 filius
733 791 872 858 familias
895 811 964 861 nnn
988 814 1045 879 po·

29 888 97 961 test,
127 881 194 947 nisi
224 881 408 960 modicum,
427 882 474 948 ‘dc
497 901 561 968 qua
587 885 692 966 potest
716 901 932 966 presumere,
955 885 1044 970 quod
1165 885 1168 894 ’

29 976 126 1056 placet
151 971 257 1056 putri,
288 975 321 1036 et
345 971 406 1038 nisi
430 991 450 1038 a
473 975 566 1057 patre
588 971 631 1038 sit
653 969 683 1037 ei
711 971 822 1057 aliqua
844 972 1044 1057 dispensatio

28 1081 206 1130 commissa.

14 1153 67 1219 Art.
88 1152 120 1220 9.
144 1151 198 1219 Aa
220 1152 407 1235 eleemosyna
420 1154 463 1218 sit
476 1150 575 1219 doado
589 1154 687 1236 mayie
700 1154 891 1238 propinante.
909 1155 945 1239 ἡ.
960 1153 1045 1222 Sim·

30 1243 151 1324 pliciter
174 1241 235 1317 sic,
256 1241 441 1308 seeundum
460 1241 681 1309 differentiam
698 1242 954 1326 conjunctionis,
969 1264 1045 1312 sco·

30 1332 160 1411 utitatis,
185 1329 355 1412 utilitatis,
384 1351 461 1398 nam
484 1330 658 1410 sanctiori,
680 1337 714 1399 el
738 1331 841 1416 magis
863 1333 1044 1420 indigenti,

30 1425 58 1485 el
82 1421 188 1507 magis
218 1421 293 1486 utili
320 1421 490 1488 communi
521 1423 609 1488 bono
632 1427 680 1488 cst
705 1420 806 1507 magis
829 1423 941 1490 danda
963 1425 1045 1492 elee-

33 1529 162 1596 mosyna
178 1529 279 1596 quam
297 1510 537 1596 propinquiori,
552 1512 580 1577 si
596 1532 664 1578 non
680 1511 723 1578 sit
737 1513 801 1578 snb
819 1532 897 1580 eura
922 1518 1044 1593 nostra,

33 1602 76 1666 vel
99 1602 134 1668 in
159 1620 283 1686 magna
306 1600 497 1668 necessitate
519 1603 703 1668 seeundum
726 1601 878 1669 ordinem
902 1603 1045 1670 eharita-

34 1691 76 1756 tis.
98 1691 180 1758 ltem
206 1691 401 1758 distributor
429 1689 455 1758 si
486 1695 535 1758 est
564 1711 689 1776 pauper
720 1694 826 1776 potest
853 1692 914 1760 sibi
938 1694 1045 1762 lacere

34 1781 279 1867 eleemosynam.
971 1839 976 1852 .

18 1867 71 1936 tri.
93 1871 145 1938 io.
170 1872 221 1939 Aa
245 1873 430 1956 eleemosyna
457 1873 502 1937 sit
524 1870 715 1938 abundanter
741 1871 890 1956 facienda.
927 1875 962 1958 ri.
990 1874 1045 1941 Se·

34 1963 171 2028 cundum
198 1961 445 2046 proportionem
471 1961 612 2046 proprie
635 1963 807 2040 facultatis,
835 1963 1045 2048 ut⁸suppleat

36 2051 252 2119 neccessitatem
278 2071 471 2135 pauperum,
497 2071 564 2119 non
589 2055 698 2118 umen
721 2056 758 2136 ut
771 2054 1045 2136 superabundent

35 2159 99 2294 Eum
128 2141 373 2225 superfluitate,
401 2143 458 2208 sod
479 2142 598 2208 melius
620 2147 670 2208 est
695 2142 844 2227 pluribus
867 2143 1045 2233 indigenti·

54 2249 86 2296 us
107 2231 200 2302 dare.

352 2409 530 2496 onasuo
560 2411 693 2479 xxxin.

108 2599 201 2662 De
226 2597 620 2692 correctione
645 2596 939 2666 fraterna.

19 2767 71 2838 Art.
94 2773 123 2841 l.
146 2773 197 2844 Aa
220 2777 367 2842 comestio
388 2777 530 2858 (ramea
551 2777 596 2842 sit
615 2784 701 2843 natae
723 2778 896 2845 claritatis.
921 2779 957 2861 ri.
980 2777 1043 2857 Sic,

35 2863 99 2943 quia
121 2869 171 2930 est
195 2866 411 2949 eleemosyna.
435 2864 514 2930 ltcm
539 2870 645 2948 potest
668 2885 736 2932 esse
759 2870 850 2933 actm
870 2867 1019 2951 justitiae.

20 2951 73 3018 Art.
94 2954 125 3022 2.
149 2954 201 3022 Aa
224 2957 370 3022 eorrectio
386 2957 538 3038 ,pumen
567 2959 611 3022 sit
639 2955 693 3022 sul
720 2965 878 3040 precepto.
911 2958 946 3040 il.
972 2957 1043 3037 Est,

35 3043 82 3107 sed
102 3063 178 3110 oum
202 3044 322 3112 debitis
344 3043 599 3110 circumstantiis
621 3045 698 3132 quia
723 3049 772 3110 est
793 3047 1043 3114 affirmativum.

20 3129 75 3199 Aa.
95 3133 125 3202 3.
148 3134 201 3200 Aa
223 3137 370 3202 eorreatia
391 3137 537 3218 (noerae
553 3139 709 3220 pertinent
731 3143 849 3204 matam
875 3137 915 3203 nd
933 3139 1042 3222 pralo-

37 3227 81 3289 ios.
104 3226 137 3310 ri.
160 3225 243 3308 Quae
265 3227 303 3290 ill
321 3243 380 3308 per
394 3225 578 3308 simplicem
594 3227 856 3293 admonitionem
872 3228 915 3294 ad
931 3247 1044 3294 emen·

37 3309 201 3392 dationem,
218 3315 362 3398 pertinet
378 3317 420 3380 ad
436 3335 561 3396 omnm,
576 3316 634 3383 sed
649 3336 723 3402 quae
739 3321 787 3382 est
802 3322 894 3383 aetus
905 3316 1042 3400 justitiae

37 3401 69 3464 od
91 3401 249 3470 Praelntos.
273 3404 351 3470 ltem
377 3405 482 3486 prima
504 3406 689 3488 specialiter
712 3406 753 3470 ad
777 3407 974 3472 sacerdotes.

23 3485 74 3556 lrl.
94 3492 122 3558 l.
145 3493 194 3562 Aa
217 3497 285 3580 puio
310 3501 446 3587 torpatur
468 3499 622 3580 corripere
645 3498 810 3574 Praelatam
828 3515 925 3562 saraae.
945 3497 979 3578 ri.
998 3495 1039 3560 lia

39 3584 236 3664 correctione,
259 3603 334 3668 qum
357 3592 405 3650 cst
426 3589 517 3651 aelus
541 3586 708 3652 eharitatis
731 3586 786 3664 sle,
810 3587 866 3653 sed
891 3603 966 3650 eum
991 3604 1043 3650 re·

42 3674 182 3770 terentia,
207 3693 281 3760 quaa
302 3674 446 3758 justitie,
472 3696 549 3743 non.
