2604 4210
268 108 335 182 tot
523 127 570 180 ux
594 125 762 182 secunus
786 125 965 182 suouunm

249 271 360 357 posuit
382 269 609 338 conditionem
632 271 706 354 post
729 286 819 348 eam;
843 271 877 334 et
899 267 926 334 si
948 267 1043 334 vovit
1064 270 1198 334 certmn
1229 287 1285 334 re·

248 362 415 445 ligionem,
439 364 574 427 tenetur
596 359 706 426 iacere
730 361 894 443 quantum
917 357 954 424 in
977 377 1013 424 se
1027 360 1076 423 est
1100 363 1137 423 ut
1160 359 1286 442 ingre·

248 453 376 531 diatur;
399 449 427 516 si
449 449 608 528 absolute,
630 453 665 513 ct
687 447 725 514 iu
749 467 851 514 unam
876 466 945 515 non
970 447 1149 530 recipitur,
1173 450 1285 512 adeat

249 541 359 608 aliam.
383 538 464 605 item
487 537 729 604 rationabiliter
752 537 818 603 dici
842 540 948 616 potest
969 536 1113 622 aliquem
1136 555 1204 620 per
1231 537 1287 602 in·

250 647 397 716 gressum
421 627 589 714 religionis
612 625 769 711 consequi
792 625 1185 693 remissioncmomnium
1202 645 1286 709 pec·

249 724 409 786 catorum.

227 809 296 880 Art.
320 808 351 874 t.
375 809 427 873 Ao
449 805 611 896 pnijooos't
630 805 753 889 ingredi
785 805 977 889 religionem,
1003 811 1143 873 carosus
1172 823 1289 888 perps-

253 908 303 966 tnc
325 915 501 982 permonere
524 899 560 962 io
581 896 741 979 religiose.
767 897 802 974 l'l·
826 896 1016 962 Secundum
1051 894 1288 962 intentionem

251 988 416 1066 voventis,
440 986 467 1052 si
491 986 638 1052 intendit
660 1003 695 1050 se
728 984 876 1068 obligare
908 986 951 1051 ad
985 990 1147 1069 perpetuo
1173 1003 1289 1049 rema·

253 1079 416 1155 nendum,
440 1079 595 1154 tenetur;
617 1074 644 1140 si
668 1073 715 1139 nil
738 1073 906 1159 cogitavit,
938 1073 1133 1159 intelligitur
1154 1091 1289 1139 secun·

252 1169 334 1234 dum
358 1167 498 1232 formam
522 1163 604 1230 iuris
627 1183 701 1248 quae
722 1167 788 1241 est,
804 1167 842 1229 ut
864 1166 940 1229 actu
963 1165 1062 1230 detur
1078 1181 1190 1231 annus
1206 1182 1288 1246 pro·

253 1256 407 1324 batiocis.
430 1253 511 1320 ltem
534 1253 592 1338 qui
615 1252 803 1336 ingreditur
826 1256 864 1317 ut
886 1253 997 1318 statim
1021 1256 1127 1332 exeat,
1143 1272 1218 1319 non
1237 1271 1290 1317 sa·

253 1346 373 1411 tisiacit
395 1347 483 1422 voto,
506 1343 584 1428 quia
607 1343 761 1408 vovendo
795 1361 864 1407 nou
899 1343 1045 1408 intendit
1068 1344 1146 1422 boc,
1172 1359 1287 1428 quare

253 1440 388 1501 tenetur
417 1436 546 1500 mutare
574 1431 797 1515 propositum,
821 1430 856 1496 id
889 1435 954 1507 est,
977 1435 1016 1496 ut
1043 1432 1126 1496 velit
1156 1433 1286 1498 saltem

254 1543 409 1608 experiri.

231 1613 300 1682 Art.
323 1614 355 1681 s.
377 1611 427 1679 An
448 1613 537 1696 poert
570 1610 737 1693 recipiendi
758 1607 882 1699 stollis
910 1612 1106 1696 religionem.
1133 1611 1170 1695 ri.
1196 1608 1287 1675 Ante

256 1722 351 1770 rasum
374 1702 511 1768 rationis
535 1705 650 1766 votum
674 1720 742 1766 uon
767 1705 874 1780 tenet,
890 1706 924 1765 et
946 1702 973 1766 si
996 1704 1075 1766 ente
1097 1719 1208 1766 annos
1224 1717 1285 1782 pu·

255 1792 401 1872 bematis,
425 1796 463 1857 ut
478 1791 683 1876 frequentius
702 1790 737 1854 in
754 1791 865 1872 pueris
887 1790 974 1856 circa
992 1789 1162 1855 decimum
1178 1807 1283 1874 quar·

255 1889 341 1962 tum,
363 1882 398 1948 in
423 1880 539 1964 puellis
554 1878 799 1954 duodecimum,
815 1880 1029 1946 accederetur
1052 1896 1115 1944 usu
1127 1879 1283 1953 rationis,

255 1977 371 2038 votum
395 1990 437 2036 ex
459 1989 493 2035 se
517 1970 657 2053 obligat,
680 1970 739 2035 sed
761 1969 917 2053 obligatio
940 1971 1047 2052 potest
1073 1968 1202 2034 auferri
1225 1987 1284 2032 au·

255 2061 408 2128 ctoritate
432 2062 626 2144 parentum3
650 2059 707 2124 sed
727 2062 797 2142 post
818 2077 925 2125 annos
937 2057 1118 2142 pubertatis
1135 2077 1207 2124 non
1224 2077 1283 2140 po·

257 2155 320 2216 test
342 2154 458 2216 votum
482 2147 642 2214 revocari.
660 2147 740 2214 ltem
762 2148 919 2230 professio
936 2166 1004 2214 nou
1028 2147 1118 2212 valet
1135 2148 1284 2213 antede-

255 2241 379 2306 cimum
401 2242 531 2304 sextum
565 2255 710 2316 annum,
736 2240 873 2321 possunt
906 2242 1059 2304 tamena
1082 2237 1282 2320 parentibus

256 2329 343 2396 tradi
367 2331 406 2394 ut
427 2326 474 2394 ibi
496 2328 701 2394 nutriantur.

233 2417 301 2488 Art.
325 2419 356 2486 6.
379 2416 428 2484 Aa
448 2424 573 2500 proptor
594 2414 765 2500 obsequium
784 2423 948 2501 parcerem
968 2414 1211 2500 mbootolipoi
1232 2435 1281 2481 rs·

259 2511 342 2576 troii
364 2506 401 2573 ot
428 2509 567 2590 inpressa
589 2506 761 2589 religionis.
792 2509 827 2591 rt.
850 2505 882 2572 Si
905 2506 1037 2573 suntin
1068 2507 1281 2584 necessitate,

259 2617 322 2664 nec
334 2596 517 2663 commode
538 2594 633 2660 aliter
648 2595 821 2662 subveniri
843 2598 949 2681 potest
964 2594 1021 2673 eis,
1038 2593 1101 2660 nisi
1119 2595 1281 2679 obsequio

257 2687 413 2764 liliorum,
442 2683 534 2765 licet;
556 2682 605 2749 sic
628 2685 733 2751 multo
761 2686 873 2750 minus
894 2687 1047 2770 parentes
1070 2689 1211 2766 possunt
1235 2685 1281 2749 in·

258 2776 351 2860 gredi
386 2773 499 2842 relicta
532 2792 611 2840 cura
645 2775 803 2855 liliorum3
832 2774 890 2842 sed
918 2773 946 2839 si
969 2792 1037 2839 uon
1060 2778 1139 2839 sunt
1162 2772 1198 2839 iu
1225 2772 1280 2838 tali

261 2866 454 2932 necmsitate
476 2866 513 2929 ut
543 2863 684 2929 multum
719 2864 893 2950 indigeant
925 2861 1082 2948 obsequio
1115 2860 1279 2940 liliorum,

260 2958 399 3040 possunt
433 2961 550 3021 contra
586 2957 787 3038 praeceptum
827 2955 1005 3038 parentum
1037 2951 1169 3036 ingredi
1204 2953 1281 3019 reli·

258 3062 403 3130 guonem.

235 3133 304 3203 Art
328 3133 359 3202 7.
383 3133 432 3204 Ao
454 3134 627 3220 Hortatore·
648 3138 750 3202 caroli
779 3134 901 3217 possint
922 3132 1006 3199 licite
1027 3131 1207 3216 religionem
1231 3133 1278 3197 ia-

263 3226 360 3312 predi.
386 3228 421 3311 ri.
443 3225 515 3312 Sic,
549 3224 627 3311 quia
655 3243 724 3290 non
748 3224 935 3309 obligantur
969 3225 1047 3287 voto
1074 3221 1213 3287 solemni
1238 3221 1279 3288 ad

263 3335 388 3385 curam.
412 3311 562 3401 Episcopi
586 3333 655 3380 non
679 3320 815 3398 possunt
831 3313 903 3379 sine
928 3310 1061 3377 licentia
1083 3310 1188 3394 Papae.

242 3406 312 3475 Art.
334 3406 366 3474 8.
390 3404 439 3473 Ao
463 3407 555 3472 liceat
575 3404 609 3471 de
631 3423 695 3470 ono
715 3404 865 3488 religione
900 3403 1033 3467 bonore
1056 3401 1095 3466 od
1115 3401 1218 3466 olium.
1247 3403 1277 3484 ri.

264 3496 329 3564 Nisi
354 3500 489 3580 propter
512 3512 665 3578 magnam
681 3493 867 3572 utilitatem,
885 3492 937 3556 vcl
959 3492 1193 3568 necessitatem,
1209 3511 1276 3556 non

269 3591 319 3652 est
341 3584 521 3663 laudabile3
543 3584 601 3649 sed
625 3587 730 3668 potest
758 3580 968 3649 laudabiliter
1000 3580 1141 3646 transire
1162 3579 1203 3644 ad
1226 3600 1278 3645 ar·

269 3675 422 3750 ctiorem,
434 3674 491 3738 sed
502 3677 593 3755 petat
616 3672 793 3750 licentiam,
813 3689 887 3756 qoae
901 3688 970 3737 uon
986 3673 1036 3737 est
1058 3669 1223 3754 neganda;
1246 3675 1277 3736 et
