2614 4190
265 92 332 160 452
503 108 550 159 ox
574 106 741 159 sonuum
765 103 953 159 snouuon.
997 63 1000 68 Δ

228 187 584 204 m

606 312 783 400 ooasno
806 312 881 382 nn.

499 497 591 563 De
613 499 987 563 necessitate

468 593 1012 655 sacramentorum.

220 767 289 838 Art.
325 769 355 837 i.
389 768 440 837 Ao
472 773 660 833 smromeotu
686 769 753 833 siut
783 768 953 834 nunsorio
980 764 1020 832 od
1050 767 1180 832 satutem
1206 769 1264 832 tu·

244 878 375 926 monum.
402 861 437 944 rt.
460 856 533 935 Sic,
557 857 634 940 quio
657 876 718 939 per
740 876 778 923 ea
800 875 913 923 sumus
935 855 971 922 in
995 855 1154 940 religione
1177 856 1265 922 ohri·

242 950 365 1028 stiana;
390 949 488 1014 datur
512 946 636 1029 gratia;
661 950 694 1011 et
716 947 900 1029 applicatur
924 945 1028 1029 passio
1052 943 1186 1014 Christi.

219 1038 290 1106 Art.
313 1038 345 1106 2.
367 1035 417 1104 Aa
440 1043 510 1103 orata
531 1043 685 1119 pooootum
717 1037 838 1119 fuerint
862 1037 1032 1102 necessario
1063 1043 1265 1102 sacramento.

243 1129 277 1212 rt.
303 1127 386 1210 Non,
408 1126 485 1210 quia
510 1144 578 1191 non
601 1130 673 1192 erat
695 1128 839 1206 morbus,
864 1145 942 1210 ergo
965 1144 1027 1190 neo
1050 1123 1229 1192 medicina.

241 1216 254 1245 *
279 1215 525 1283 Matrimonium
549 1218 630 1280 tuno
653 1235 720 1281 non
745 1221 817 1300 erat
838 1219 1099 1292 sacramentum,
1134 1215 1193 1280 sed
1216 1214 1265 1278 oi·

244 1307 356 1372 hoium
381 1308 526 1381 naturae,
551 1309 583 1369 et
605 1305 811 1389 significahat
846 1304 972 1390 aliquid
995 1304 1148 1372 futurum
1177 1303 1265 1369 eirea

145 1456 147 1460 .
243 1394 408 1461 Christum
432 1398 465 1458 et
488 1393 674 1462 Eooiesiam.

220 1484 287 1552 Art.
312 1485 344 1553 3.
366 1482 415 1551 Ao
434 1489 506 1568 post
534 1492 689 1566 peccorum
723 1491 794 1550 uoto
830 1484 984 1551 Christum
1011 1483 1174 1552 dohuuint
1205 1505 1266 1553 osso

241 1582 439 1642 sacramento.
464 1574 501 1658 rt.
523 1571 586 1652 Sio,
610 1579 643 1639 et
667 1581 763 1639 erant
784 1573 887 1658 signa,
911 1574 1031 1658 quibus
1055 1576 1154 1641 homo
1184 1594 1263 1660 pro·

243 1667 424 1732 testabatur
447 1664 489 1729 de
512 1665 660 1729 adventu
684 1663 803 1730 Christi
827 1664 942 1729 tutori.

242 1751 257 1782 *
279 1754 385 1821 Passio
409 1750 528 1820 Christi
550 1758 599 1819 est
620 1772 716 1819 eausa
739 1752 845 1818 finatis
867 1756 1153 1821 sacramentorum
1175 1754 1267 1820 anti·

241 1864 317 1929 quae
340 1843 430 1928 legis,
453 1845 511 1908 sed
533 1843 609 1908 fluis
626 1842 784 1927 praeeedit
798 1843 866 1909 soia
882 1843 1079 1923 intentione,
1095 1864 1166 1911 uon
1182 1849 1265 1910 tem·

243 1953 335 2017 pore.
359 1933 438 1999 item
463 1933 498 1998 in
522 1934 593 2016 iege
617 1937 745 1998 naturae
774 1933 912 2000 suerunt
944 1937 1171 2012 sacramenta,
1205 1935 1265 2000 sed

242 2023 341 2108 magis
365 2023 566 2107 imperfecta,
591 2021 846 2089 indeterminata
869 2027 902 2088 et
924 2025 1074 2103 obseura,
1101 2041 1204 2108 quam
1227 2024 1263 2090 in

242 2112 272 2176 ie
295 2113 391 2178 osori
417 2117 459 2178 ta.
748 2132 753 2142 ’

219 2134 294 2270 Arii
311 2201 343 2267 h.
366 2132 415 2268 ni
435 2207 507 2285 post
529 2201 683 2269 Christum
695 2199 855 2268 debuerint
867 2221 929 2270 osso
943 2203 1049 2288 atiquo
1062 2211 1263 2270 momento

243 2293 278 2376 rt.
302 2289 367 2376 Sio,
391 2309 465 2376 quae
488 2290 555 2356 sint
577 2291 669 2375 signa
693 2290 811 2359 Christi
835 2293 1004 2375 praeteriti,
1026 2291 1113 2358 siout
1123 2295 1261 2379 antiqua

243 2385 340 2446 erant
361 2380 477 2461 futuri,
500 2399 560 2466 per
582 2399 657 2466 quae
679 2380 772 2465 signa
795 2382 948 2449 venimus
969 2382 1007 2448 io
1037 2382 1263 2468 cognitionem

242 2470 477 2554 spiritualium,
499 2489 574 2554 quae
597 2489 657 2535 nos
679 2471 808 2536 duount
830 2473 872 2536 ad
896 2471 1045 2556 gloriam.

242 2560 254 2585 *
276 2558 417 2645 Antiqua
428 2564 524 2626 erant
537 2579 651 2644 egena,
664 2560 740 2645 quia
753 2580 822 2627 non
838 2564 1017 2628 musabaut
1028 2560 1186 2646 gratiam3
1202 2582 1264 2630 noo

243 2654 391 2718 mutatur
413 2649 566 2716 voluntas
588 2648 659 2729 Dei,
681 2669 758 2716 oum
781 2649 839 2717 dat
861 2669 950 2720 nova
971 2657 1189 2719 sacramenta.

600 2915 778 3004 Qunsrro
802 2915 890 2985 oxii.

391 3099 483 3165 De
507 3101 838 3181 principali
863 3103 1089 3169 effectu

222 3195 756 3257 sacramentorum
769 3205 923 3270 quae
939 3199 1035 3260 est
1048 3193 1262 3272 gratia.

228 3366 296 3436 hrt.
322 3368 352 3436 i.
376 3365 428 3436 Aa
448 3376 637 3437 sacramento
659 3371 726 3436 siat
745 3388 837 3436 rouro
857 3371 985 3453 oratioe.
1011 3370 1047 3454 rt.
1080 3367 1154 3448 Sio,
1183 3367 1260 3453 quia

249 3457 464 3542 incorporant
488 3479 546 3525 nos
568 3458 705 3537 Christo,
729 3460 817 3542 quod
840 3460 878 3524 iit
905 3479 965 3544 per
998 3458 1148 3544 gratiam.
1183 3459 1261 3526 item
1294 3529 1295 3532 ,

250 3567 319 3614 non
343 3554 421 3614 suot
443 3568 539 3614 cansa
562 3549 684 3631 gratiae
707 3568 748 3613 ex
771 3568 825 3627 eo,
848 3549 937 3632 quod
960 3549 995 3615 io
1019 3547 1082 3614 iuis
1108 3553 1261 3634 operetur

249 3657 289 3702 ex
313 3642 418 3722 pacto,
442 3638 519 3721 quia
541 3639 588 3704 sio
610 3643 718 3706 essent
741 3642 871 3704 tantum
894 3638 998 3724 signa,
1020 3639 1078 3706 sed
1093 3643 1172 3708 suot
1186 3658 1259 3708 oau-
