<?xml version="1.0" encoding="UTF-8"?>
<!DOCTYPE html PUBLIC "-//W3C//DTD XHTML 1.0 Transitional//EN"
    "http://www.w3.org/TR/xhtml1/DTD/xhtml1-transitional.dtd">
<html xmlns="http://www.w3.org/1999/xhtml" xml:lang="en" lang="en">
 <head>
  <title>
</title>
<meta http-equiv="Content-Type" content="text/html;charset=utf-8" />
  <meta name='ocr-system' content='tesseract 3.04.00' />
  <meta name='ocr-capabilities' content='ocr_page ocr_carea ocr_par ocr_line ocrx_word'/>
</head>
<body>
  <div class='ocr_page' id='page_1' title='image "./theologicsummco00thomgoog_0401.png"; bbox 0 0 2604 4210; ppageno 0'>
   <div class='ocr_carea' id='block_1_1' title="bbox 263 77 961 148">
    <p class='ocr_par' dir='ltr' id='par_1_1' title="bbox 263 77 961 148">
     <span class='ocr_line' id='line_1_1' title="bbox 263 77 961 148; baseline -0.006 0"><span class='ocrx_word' id='word_1_1' title='bbox 263 77 330 148; x_wconf 72' lang='lat'><strong>³00</strong></span> <span class='ocrx_word' id='word_1_2' title='bbox 520 94 568 147; x_wconf 79' lang='lat' dir='ltr'><strong>nr</strong></span> <span class='ocrx_word' id='word_1_3' title='bbox 591 91 760 148; x_wconf 74' lang='lat' dir='ltr'><strong>secusne</strong></span> <span class='ocrx_word' id='word_1_4' title='bbox 784 91 961 147; x_wconf 77' lang='lat' dir='ltr'><strong>sccuunm</strong></span> 
     </span>
    </p>
   </div>
   <div class='ocr_carea' id='block_1_2' title="bbox 224 227 1290 2735">
    <p class='ocr_par' dir='ltr' id='par_1_2' title="bbox 242 227 1290 745">
     <span class='ocr_line' id='line_1_2' title="bbox 242 227 1274 317; baseline -0.001 -19"><span class='ocrx_word' id='word_1_5' title='bbox 242 249 369 300; x_wconf 76' lang='lat' dir='ltr'><strong>numm</strong></span> <span class='ocrx_word' id='word_1_6' title='bbox 380 249 539 300; x_wconf 75' lang='lat' dir='ltr'><strong>mmmm.</strong></span> <span class='ocrx_word' id='word_1_7' title='bbox 556 234 592 317; x_wconf 69' lang='lat' dir='ltr'><strong>ri.</strong></span> <span class='ocrx_word' id='word_1_8' title='bbox 603 230 752 309; x_wconf 83' lang='lat' dir='ltr'><strong>Possunt,</strong></span> <span class='ocrx_word' id='word_1_9' title='bbox 767 229 852 296; x_wconf 86' lang='lat' dir='ltr'><strong>sicut</strong></span> <span class='ocrx_word' id='word_1_10' title='bbox 868 227 1052 296; x_wconf 88' lang='lat' dir='ltr'><strong>subsistunt</strong></span> <span class='ocrx_word' id='word_1_11' title='bbox 1062 230 1122 297; x_wconf 93' lang='lat' dir='ltr'><strong>uni</strong></span> <span class='ocrx_word' id='word_1_12' title='bbox 1135 235 1274 298; x_wconf 80' lang='lat' dir='ltr'><strong>nutura</strong></span> 
     </span>
     <span class='ocr_line' id='line_1_3' title="bbox 244 318 1275 406; baseline 0 -19"><span class='ocrx_word' id='word_1_13' title='bbox 244 321 383 400; x_wconf 74' lang='lat' dir='ltr'><strong>divina,</strong></span> <span class='ocrx_word' id='word_1_14' title='bbox 411 340 489 406; x_wconf 83' lang='lat' dir='ltr'><strong>crgo</strong></span> <span class='ocrx_word' id='word_1_15' title='bbox 512 325 649 405; x_wconf 78' lang='lat' dir='ltr'><strong>possunt</strong></span> <span class='ocrx_word' id='word_1_16' title='bbox 670 323 704 386; x_wconf 88' lang='lat' dir='ltr'><strong>et</strong></span> <span class='ocrx_word' id='word_1_17' title='bbox 727 318 788 385; x_wconf 92' lang='lat' dir='ltr'><strong>uni</strong></span> <span class='ocrx_word' id='word_1_18' title='bbox 811 320 977 385; x_wconf 83' lang='lat' dir='ltr'><strong>humenae.</strong></span> <span class='ocrx_word' id='word_1_19' title='bbox 994 319 1074 386; x_wconf 92' lang='lat' dir='ltr'><strong>ltem</strong></span> <span class='ocrx_word' id='word_1_20' title='bbox 1098 323 1177 388; x_wconf 84' lang='lat' dir='ltr'><strong>haec</strong></span> <span class='ocrx_word' id='word_1_21' title='bbox 1195 322 1275 387; x_wconf 90' lang='lat' dir='ltr'><strong>unio</strong></span> 
     </span>
     <span class='ocr_line' id='line_1_4' title="bbox 244 409 1277 514; baseline -0.002 -38"><span class='ocrx_word' id='word_1_22' title='bbox 244 413 283 476; x_wconf 86' lang='lat' dir='ltr'><strong>iit</strong></span> <span class='ocrx_word' id='word_1_23' title='bbox 303 411 370 476; x_wconf 86' lang='lat' dir='ltr'><strong>sole</strong></span> <span class='ocrx_word' id='word_1_24' title='bbox 385 412 539 514; x_wconf 36' lang='lat' dir='ltr'><strong>,potentia</strong></span> <span class='ocrx_word' id='word_1_25' title='bbox 563 409 687 477; x_wconf 83' lang='lat' dir='ltr'><strong>divinoe</strong></span> <span class='ocrx_word' id='word_1_26' title='bbox 709 427 871 493; x_wconf 79' lang='lat' dir='ltr'><strong>personne,</strong></span> <span class='ocrx_word' id='word_1_27' title='bbox 887 409 945 474; x_wconf 88' lang='lat' dir='ltr'><strong>scd</strong></span> <span class='ocrx_word' id='word_1_28' title='bbox 961 411 1032 475; x_wconf 88' lang='lat' dir='ltr'><strong>hoec</strong></span> <span class='ocrx_word' id='word_1_29' title='bbox 1055 412 1214 492; x_wconf 84' lang='lat' dir='ltr'><strong>potentia</strong></span> <span class='ocrx_word' id='word_1_30' title='bbox 1229 415 1277 475; x_wconf 77' lang='lat' dir='ltr'><strong>est</strong></span> 
     </span>
     <span class='ocr_line' id='line_1_5' title="bbox 244 497 1277 583; baseline 0 -17"><span class='ocrx_word' id='word_1_31' title='bbox 244 500 392 566; x_wconf 82' lang='lat' dir='ltr'><strong>endem</strong></span> <span class='ocrx_word' id='word_1_32' title='bbox 383 520 416 565; x_wconf 90' lang='grc' dir='ltr'><strong>ιιι</strong></span> <span class='ocrx_word' id='word_1_33' title='bbox 442 500 564 578; x_wconf 89' lang='lat' dir='ltr'><strong>tribus,</strong></span> <span class='ocrx_word' id='word_1_34' title='bbox 595 505 629 564; x_wconf 89' lang='lat' dir='ltr'><strong>et</strong></span> <span class='ocrx_word' id='word_1_35' title='bbox 652 503 719 566; x_wconf 86' lang='lat' dir='ltr'><strong>tota</strong></span> <span class='ocrx_word' id='word_1_36' title='bbox 754 497 838 563; x_wconf 81' lang='lat' dir='ltr'><strong>ratio</strong></span> <span class='ocrx_word' id='word_1_37' title='bbox 872 497 950 564; x_wconf 85' lang='lat' dir='ltr'><strong>iacti</strong></span> <span class='ocrx_word' id='word_1_38' title='bbox 973 502 1022 564; x_wconf 89' lang='lat' dir='ltr'><strong>est</strong></span> <span class='ocrx_word' id='word_1_39' title='bbox 1048 501 1208 583; x_wconf 81' lang='lat' dir='ltr'><strong>potentis</strong></span> <span class='ocrx_word' id='word_1_40' title='bbox 1233 501 1277 566; x_wconf 84' lang='lat' dir='ltr'><strong>ln·</strong></span> 
     </span>
     <span class='ocr_line' id='line_1_6' title="bbox 243 588 1290 702; baseline -0.001 -47"><span class='ocrx_word' id='word_1_41' title='bbox 243 589 368 668; x_wconf 82' lang='lat' dir='ltr'>cientis,</span> <span class='ocrx_word' id='word_1_42' title='bbox 391 589 448 654; x_wconf 90' lang='lat' dir='ltr'><strong>sed</strong></span> <span class='ocrx_word' id='word_1_43' title='bbox 472 595 520 656; x_wconf 88' lang='lat' dir='ltr'><strong>est</strong></span> <span class='ocrx_word' id='word_1_44' title='bbox 542 588 742 673; x_wconf 89' lang='lat' dir='ltr'><strong>impossibile</strong></span> <span class='ocrx_word' id='word_1_45' title='bbox 765 605 932 654; x_wconf 80' lang='lat' dir='ltr'>assumere</span> <span class='ocrx_word' id='word_1_46' title='bbox 956 607 1058 654; x_wconf 84' lang='lat' dir='ltr'><strong>unam</strong></span> <span class='ocrx_word' id='word_1_47' title='bbox 1086 608 1290 702; x_wconf 73' lang='lat' dir='ltr'><strong>personam</strong></span> 
     </span>
     <span class='ocr_line' id='line_1_7' title="bbox 243 679 764 759; baseline -0.006 -14"><span class='ocrx_word' id='word_1_48' title='bbox 243 681 434 759; x_wconf 78' lang='lat' dir='ltr'><strong>humanam,</strong></span> <span class='ocrx_word' id='word_1_49' title='bbox 457 682 495 744; x_wconf 93' lang='lat' dir='ltr'><strong>ut</strong></span> <span class='ocrx_word' id='word_1_50' title='bbox 517 679 563 745; x_wconf 83' lang='lat' dir='ltr'><strong>ait</strong></span> <span class='ocrx_word' id='word_1_51' title='bbox 585 679 764 745; x_wconf 79' lang='lat' dir='ltr'><strong>dnselmus.</strong></span> 
     </span>
    </p>

    <p class='ocr_par' dir='ltr' id='par_1_3' title="bbox 244 759 1290 1391">
     <span class='ocr_line' id='line_1_8' title="bbox 244 759 1290 854; baseline -0.001 -19.963"><span class='ocrx_word' id='word_1_52' title='bbox 244 768 319 834; x_wconf 84' lang='lat' dir='ltr'><strong>*lit</strong></span> <span class='ocrx_word' id='word_1_53' title='bbox 341 772 422 834; x_wconf 89' lang='lat' dir='ltr'><strong>tunc</strong></span> <span class='ocrx_word' id='word_1_54' title='bbox 445 773 511 835; x_wconf 89' lang='lat' dir='ltr'><strong>tres</strong></span> <span class='ocrx_word' id='word_1_55' title='bbox 533 788 682 854; x_wconf 89' lang='lat' dir='ltr'><strong>personae</strong></span> <span class='ocrx_word' id='word_1_56' title='bbox 716 769 825 832; x_wconf 80' lang='lat' dir='ltr'><strong>essent</strong></span> <span class='ocrx_word' id='word_1_57' title='bbox 860 784 947 833; x_wconf 87' lang='lat' dir='ltr'><strong>unus</strong></span> <span class='ocrx_word' id='word_1_58' title='bbox 978 768 1092 846; x_wconf 88' lang='lat' dir='ltr'><strong>homo,</strong></span> <span class='ocrx_word' id='word_1_59' title='bbox 1116 769 1206 854; x_wconf 83' lang='lat' dir='ltr'><strong>quia</strong></span> <span class='ocrx_word' id='word_1_60' title='bbox 1232 759 1290 842; x_wconf 76' lang='lat' dir='ltr'><strong>estl</strong></span> 
     </span>
     <span class='ocr_line' id='line_1_9' title="bbox 244 855 1290 936; baseline -0.001 -12"><span class='ocrx_word' id='word_1_61' title='bbox 244 877 313 924; x_wconf 86' lang='lat' dir='ltr'><strong>una</strong></span> <span class='ocrx_word' id='word_1_62' title='bbox 335 860 464 936; x_wconf 81' lang='lat' dir='ltr'><strong>natura,</strong></span> <span class='ocrx_word' id='word_1_63' title='bbox 487 858 559 924; x_wconf 92' lang='lat' dir='ltr'><strong>ut</strong></span> <span class='ocrx_word' id='word_1_64' title='bbox 549 878 584 924; x_wconf 90' lang='lat' dir='ltr'><strong>m</strong></span> <span class='ocrx_word' id='word_1_65' title='bbox 609 857 773 925; x_wconf 81' lang='lat' dir='ltr'><strong>Trinitutc</strong></span> <span class='ocrx_word' id='word_1_66' title='bbox 795 859 844 922; x_wconf 87' lang='lat' dir='ltr'><strong>cst</strong></span> <span class='ocrx_word' id='word_1_67' title='bbox 867 873 956 922; x_wconf 89' lang='lat' dir='ltr'><strong>unus</strong></span> <span class='ocrx_word' id='word_1_68' title='bbox 978 855 1075 925; x_wconf 87' lang='lat' dir='ltr'><strong>Deus.</strong></span> <span class='ocrx_word' id='word_1_69' title='bbox 1103 856 1192 926; x_wconf 87' lang='lat' dir='ltr'><strong>ltem</strong></span> <span class='ocrx_word' id='word_1_70' title='bbox 1221 877 1290 923; x_wconf 82' lang='lat' dir='ltr'><strong>na·</strong></span> 
     </span>
     <span class='ocr_line' id='line_1_10' title="bbox 245 944 1290 1032; baseline 0.001 -21"><span class='ocrx_word' id='word_1_71' title='bbox 245 950 320 1013; x_wconf 85' lang='lat' dir='ltr'><strong>tura</strong></span> <span class='ocrx_word' id='word_1_72' title='bbox 344 952 427 1013; x_wconf 89' lang='lat' dir='ltr'><strong>esset</strong></span> <span class='ocrx_word' id='word_1_73' title='bbox 449 951 613 1032; x_wconf 84' lang='lat' dir='ltr'><strong>assumpta</strong></span> <span class='ocrx_word' id='word_1_74' title='bbox 637 967 706 1012; x_wconf 91' lang='lat' dir='ltr'><strong>non</strong></span> <span class='ocrx_word' id='word_1_75' title='bbox 731 946 767 1011; x_wconf 91' lang='lat' dir='ltr'><strong>in</strong></span> <span class='ocrx_word' id='word_1_76' title='bbox 791 944 920 1011; x_wconf 80' lang='lat' dir='ltr'><strong>unitate</strong></span> <span class='ocrx_word' id='word_1_77' title='bbox 937 945 1048 1026; x_wconf 90' lang='lat' dir='ltr'><strong>unius,</strong></span> <span class='ocrx_word' id='word_1_78' title='bbox 1064 948 1148 1013; x_wconf 89' lang='lat' dir='ltr'><strong>sed</strong></span> <span class='ocrx_word' id='word_1_79' title='bbox 1136 969 1179 1014; x_wconf 87' lang='grc' dir='ltr'><strong>ιιι</strong></span> <span class='ocrx_word' id='word_1_80' title='bbox 1199 949 1290 1013; x_wconf 90' lang='lat' dir='ltr'><strong>uni-</strong></span> 
     </span>
     <span class='ocr_line' id='line_1_11' title="bbox 245 1034 1281 1122; baseline 0 -20"><span class='ocrx_word' id='word_1_81' title='bbox 245 1040 311 1103; x_wconf 76' lang='lat' dir='ltr'><strong>tate</strong></span> <span class='ocrx_word' id='word_1_82' title='bbox 333 1037 556 1122; x_wconf 76' lang='lat' dir='ltr'><strong>singulorum,</strong></span> <span class='ocrx_word' id='word_1_83' title='bbox 585 1037 671 1102; x_wconf 91' lang='lat' dir='ltr'><strong>sicut</strong></span> <span class='ocrx_word' id='word_1_84' title='bbox 694 1038 814 1103; x_wconf 75' lang='lat' dir='ltr'><strong>nature</strong></span> <span class='ocrx_word' id='word_1_85' title='bbox 838 1034 954 1100; x_wconf 90' lang='lat' dir='ltr'><strong>divina</strong></span> <span class='ocrx_word' id='word_1_86' title='bbox 981 1037 1083 1103; x_wconf 82' lang='lat' dir='ltr'><strong>habet</strong></span> <span class='ocrx_word' id='word_1_87' title='bbox 1103 1038 1281 1103; x_wconf 80' lang='lat' dir='ltr'><strong>unitatem</strong></span> 
     </span>
     <span class='ocr_line' id='line_1_12' title="bbox 244 1125 1280 1210; baseline 0 -18"><span class='ocrx_word' id='word_1_88' title='bbox 244 1146 321 1192; x_wconf 91' lang='lat' dir='ltr'><strong>cum</strong></span> <span class='ocrx_word' id='word_1_89' title='bbox 344 1127 501 1210; x_wconf 89' lang='lat' dir='ltr'><strong>personis.</strong></span> <span class='ocrx_word' id='word_1_90' title='bbox 526 1127 605 1192; x_wconf 87' lang='lat' dir='ltr'><strong>ltcm</strong></span> <span class='ocrx_word' id='word_1_91' title='bbox 630 1127 684 1192; x_wconf 91' lang='lat' dir='ltr'><strong>hic</strong></span> <span class='ocrx_word' id='word_1_92' title='bbox 707 1127 807 1191; x_wconf 88' lang='lat' dir='ltr'><strong>homo</strong></span> <span class='ocrx_word' id='word_1_93' title='bbox 830 1127 914 1189; x_wconf 89' lang='lat' dir='ltr'><strong>essct</strong></span> <span class='ocrx_word' id='word_1_94' title='bbox 937 1125 1115 1209; x_wconf 77' lang='lat' dir='ltr'><strong>ingenitus,</strong></span> <span class='ocrx_word' id='word_1_95' title='bbox 1132 1131 1173 1192; x_wconf 85' lang='lat' dir='ltr'><strong>ut</strong></span> <span class='ocrx_word' id='word_1_96' title='bbox 1199 1146 1280 1210; x_wconf 90' lang='lat' dir='ltr'><strong>sup·</strong></span> 
     </span>
     <span class='ocr_line' id='line_1_13' title="bbox 245 1214 1281 1302; baseline -0.002 -20"><span class='ocrx_word' id='word_1_97' title='bbox 245 1220 385 1300; x_wconf 86' lang='lat' dir='ltr'><strong>poneret</strong></span> <span class='ocrx_word' id='word_1_98' title='bbox 407 1236 468 1300; x_wconf 93' lang='lat' dir='ltr'><strong>pro</strong></span> <span class='ocrx_word' id='word_1_99' title='bbox 491 1218 602 1296; x_wconf 86' lang='lat' dir='ltr'><strong>Putre,</strong></span> <span class='ocrx_word' id='word_1_100' title='bbox 636 1217 695 1282; x_wconf 90' lang='lat' dir='ltr'><strong>sed</strong></span> <span class='ocrx_word' id='word_1_101' title='bbox 717 1217 801 1281; x_wconf 89' lang='lat' dir='ltr'><strong>esset</strong></span> <span class='ocrx_word' id='word_1_102' title='bbox 834 1214 975 1299; x_wconf 73' lang='lat' dir='ltr'><strong>genitus,</strong></span> <span class='ocrx_word' id='word_1_103' title='bbox 1006 1218 1044 1281; x_wconf 89' lang='lat' dir='ltr'><strong>ut</strong></span> <span class='ocrx_word' id='word_1_104' title='bbox 1066 1220 1281 1302; x_wconf 80' lang='lat' dir='ltr'><strong>supponeret</strong></span> 
     </span>
     <span class='ocr_line' id='line_1_14' title="bbox 246 1306 421 1391; baseline -0.006 -20"><span class='ocrx_word' id='word_1_105' title='bbox 246 1326 306 1391; x_wconf 93' lang='lat' dir='ltr'><strong>pro</strong></span> <span class='ocrx_word' id='word_1_106' title='bbox 331 1306 421 1371; x_wconf 82' lang='lat' dir='ltr'><strong>Filio.</strong></span> 
     </span>
    </p>

    <p class='ocr_par' dir='ltr' id='par_1_4' title="bbox 224 1394 1281 1481">
     <span class='ocr_line' id='line_1_15' title="bbox 224 1394 1281 1481; baseline -0.003 -15"><span class='ocrx_word' id='word_1_107' title='bbox 224 1396 291 1466; x_wconf 86' lang='lat' dir='ltr'><strong>Art.</strong></span> <span class='ocrx_word' id='word_1_108' title='bbox 316 1395 347 1463; x_wconf 88' lang='grc'><strong>7.</strong></span> <span class='ocrx_word' id='word_1_109' title='bbox 370 1394 420 1462; x_wconf 82' lang='lat' dir='ltr'><strong>An</strong></span> <span class='ocrx_word' id='word_1_110' title='bbox 442 1416 506 1464; x_wconf 83' lang='lat' dir='ltr'><strong>ono</strong></span> <span class='ocrx_word' id='word_1_111' title='bbox 526 1412 657 1481; x_wconf 79' lang='lat' dir='ltr'><strong>persono</strong></span> <span class='ocrx_word' id='word_1_112' title='bbox 680 1395 787 1461; x_wconf 80' lang='lat' dir='ltr'><strong>diuino</strong></span> <span class='ocrx_word' id='word_1_113' title='bbox 808 1395 905 1478; x_wconf 82' lang='lat' dir='ltr'><strong>possit</strong></span> <span class='ocrx_word' id='word_1_114' title='bbox 918 1410 1069 1462; x_wconf 79' lang='lat' dir='ltr'><strong>assumere</strong></span> <span class='ocrx_word' id='word_1_115' title='bbox 1084 1395 1161 1464; x_wconf 79' lang='lat' dir='ltr'><strong>deos</strong></span> <span class='ocrx_word' id='word_1_116' title='bbox 1185 1403 1281 1463; x_wconf 79' lang='lat' dir='ltr'><strong>uotu-</strong></span> 
     </span>
    </p>

    <p class='ocr_par' dir='ltr' id='par_1_5' title="bbox 245 1483 1280 2358">
     <span class='ocr_line' id='line_1_16' title="bbox 245 1483 1279 1572; baseline -0.001 -19"><span class='ocrx_word' id='word_1_117' title='bbox 245 1505 297 1554; x_wconf 85' lang='lat' dir='ltr'><strong>ros</strong></span> <span class='ocrx_word' id='word_1_118' title='bbox 320 1487 476 1554; x_wconf 81' lang='lat' dir='ltr'><strong>temones.</strong></span> <span class='ocrx_word' id='word_1_119' title='bbox 502 1489 536 1572; x_wconf 68' lang='grc' dir='ltr'><strong>ιι.</strong></span> <span class='ocrx_word' id='word_1_120' title='bbox 560 1487 678 1563; x_wconf 85' lang='lat' dir='ltr'><strong>Potest,</strong></span> <span class='ocrx_word' id='word_1_121' title='bbox 695 1483 773 1571; x_wconf 85' lang='lat' dir='ltr'><strong>quie</strong></span> <span class='ocrx_word' id='word_1_122' title='bbox 789 1484 938 1568; x_wconf 84' lang='lat' dir='ltr'><strong>potentin</strong></span> <span class='ocrx_word' id='word_1_123' title='bbox 967 1485 1095 1551; x_wconf 87' lang='lat' dir='ltr'><strong>divinae</strong></span> <span class='ocrx_word' id='word_1_124' title='bbox 1119 1505 1279 1571; x_wconf 80' lang='lat' dir='ltr'><strong>persone</strong></span> 
     </span>
     <span class='ocr_line' id='line_1_17' title="bbox 247 1572 1279 1658; baseline 0 -16"><span class='ocrx_word' id='word_1_125' title='bbox 247 1579 296 1642; x_wconf 91' lang='lat' dir='ltr'><strong>est</strong></span> <span class='ocrx_word' id='word_1_126' title='bbox 318 1575 460 1656; x_wconf 81' lang='lat' dir='ltr'><strong>infinita,</strong></span> <span class='ocrx_word' id='word_1_127' title='bbox 484 1580 555 1642; x_wconf 90' lang='lat' dir='ltr'><strong>tum</strong></span> <span class='ocrx_word' id='word_1_128' title='bbox 579 1579 616 1641; x_wconf 91' lang='lat' dir='ltr'><strong>ut</strong></span> <span class='ocrx_word' id='word_1_129' title='bbox 639 1572 853 1658; x_wconf 89' lang='lat' dir='ltr'><strong>principium,</strong></span> <span class='ocrx_word' id='word_1_130' title='bbox 870 1576 943 1639; x_wconf 93' lang='lat' dir='ltr'><strong>tum</strong></span> <span class='ocrx_word' id='word_1_131' title='bbox 960 1578 998 1639; x_wconf 92' lang='lat' dir='ltr'><strong>ut</strong></span> <span class='ocrx_word' id='word_1_132' title='bbox 1015 1574 1193 1655; x_wconf 89' lang='lat' dir='ltr'><strong>terminus,</strong></span> <span class='ocrx_word' id='word_1_133' title='bbox 1214 1594 1279 1642; x_wconf 89' lang='lat' dir='ltr'><strong>nec</strong></span> 
     </span>
     <span class='ocr_line' id='line_1_18' title="bbox 249 1662 923 1749; baseline -0.006 -19"><span class='ocrx_word' id='word_1_134' title='bbox 249 1668 355 1749; x_wconf 87' lang='lat' dir='ltr'><strong>potest</strong></span> <span class='ocrx_word' id='word_1_135' title='bbox 377 1665 510 1733; x_wconf 86' lang='lat' dir='ltr'><strong>limitari</strong></span> <span class='ocrx_word' id='word_1_136' title='bbox 534 1687 553 1732; x_wconf 86' lang='lat' dir='ltr'><strong>a</strong></span> <span class='ocrx_word' id='word_1_137' title='bbox 577 1669 697 1731; x_wconf 84' lang='lat' dir='ltr'><strong>nutura</strong></span> <span class='ocrx_word' id='word_1_138' title='bbox 720 1662 923 1748; x_wconf 78' lang='lat' dir='ltr'><strong>particulari.</strong></span> 
     </span>
     <span class='ocr_line' id='line_1_19' title="bbox 249 1751 1280 1839; baseline -0.002 -19"><span class='ocrx_word' id='word_1_139' title='bbox 249 1755 260 1779; x_wconf 79' lang='lat'>&#39;</span> <span class='ocrx_word' id='word_1_140' title='bbox 283 1755 318 1821; x_wconf 93' lang='lat' dir='ltr'><strong>ln</strong></span> <span class='ocrx_word' id='word_1_141' title='bbox 343 1756 497 1823; x_wconf 88' lang='lat' dir='ltr'><strong>humanis</strong></span> <span class='ocrx_word' id='word_1_142' title='bbox 520 1757 639 1822; x_wconf 85' lang='lat' dir='ltr'><strong>natura</strong></span> <span class='ocrx_word' id='word_1_143' title='bbox 667 1751 908 1836; x_wconf 79' lang='lat' dir='ltr'><strong>multiplicatur</strong></span> <span class='ocrx_word' id='word_1_144' title='bbox 940 1754 1127 1820; x_wconf 86' lang='lat' dir='ltr'><strong>secundum</strong></span> <span class='ocrx_word' id='word_1_145' title='bbox 1149 1773 1280 1839; x_wconf 89' lang='lat' dir='ltr'><strong>suppo·</strong></span> 
     </span>
     <span class='ocr_line' id='line_1_20' title="bbox 248 1840 1277 1923; baseline -0.002 -13"><span class='ocrx_word' id='word_1_146' title='bbox 248 1844 320 1923; x_wconf 82' lang='lat' dir='ltr'><strong>sita,</strong></span> <span class='ocrx_word' id='word_1_147' title='bbox 343 1846 457 1911; x_wconf 88' lang='lat' dir='ltr'><strong>sedin</strong></span> <span class='ocrx_word' id='word_1_148' title='bbox 482 1844 711 1912; x_wconf 80' lang='lat' dir='ltr'><strong>incarnatione</strong></span> <span class='ocrx_word' id='word_1_149' title='bbox 734 1840 814 1907; x_wconf 92' lang='lat' dir='ltr'><strong>unio</strong></span> <span class='ocrx_word' id='word_1_150' title='bbox 840 1843 1044 1921; x_wconf 87' lang='lat' dir='ltr'><strong>muteriae‚ct</strong></span> <span class='ocrx_word' id='word_1_151' title='bbox 1059 1845 1178 1910; x_wconf 77' lang='lat' dir='ltr'><strong>iormre</strong></span> <span class='ocrx_word' id='word_1_152' title='bbox 1206 1864 1277 1911; x_wconf 92' lang='lat' dir='ltr'><strong>non</strong></span> 
     </span>
     <span class='ocr_line' id='line_1_21' title="bbox 249 1929 1277 2017; baseline -0.002 -18"><span class='ocrx_word' id='word_1_153' title='bbox 249 1933 445 2017; x_wconf 82' lang='lat' dir='ltr'><strong>multiplicet</strong></span> <span class='ocrx_word' id='word_1_154' title='bbox 458 1935 634 2017; x_wconf 83' lang='lat' dir='ltr'><strong>supposita,</strong></span> <span class='ocrx_word' id='word_1_155' title='bbox 648 1936 682 1998; x_wconf 86' lang='lat' dir='ltr'><strong>&#39;et</strong></span> <span class='ocrx_word' id='word_1_156' title='bbox 692 1929 738 1996; x_wconf 90' lang='lat' dir='ltr'><strong>sic</strong></span> <span class='ocrx_word' id='word_1_157' title='bbox 750 1934 887 2013; x_wconf 86' lang='lat' dir='ltr'><strong>possunt</strong></span> <span class='ocrx_word' id='word_1_158' title='bbox 904 1932 1115 2017; x_wconf 82' lang='lat' dir='ltr'><strong>multiplicari</strong></span> <span class='ocrx_word' id='word_1_159' title='bbox 1131 1939 1277 2008; x_wconf 84' lang='lat' dir='ltr'><strong>neturae,</strong></span> 
     </span>
     <span class='ocr_line' id='line_1_22' title="bbox 249 2022 1277 2108; baseline -0.003 -20"><span class='ocrx_word' id='word_1_160' title='bbox 249 2043 318 2088; x_wconf 91' lang='lat' dir='ltr'><strong>non</strong></span> <span class='ocrx_word' id='word_1_161' title='bbox 341 2024 517 2108; x_wconf 80' lang='lat' dir='ltr'><strong>supposita.</strong></span> <span class='ocrx_word' id='word_1_162' title='bbox 534 2023 614 2089; x_wconf 92' lang='lat' dir='ltr'><strong>ltcm</strong></span> <span class='ocrx_word' id='word_1_163' title='bbox 637 2022 805 2088; x_wconf 88' lang='lat' dir='ltr'><strong>diceretur</strong></span> <span class='ocrx_word' id='word_1_164' title='bbox 830 2040 917 2086; x_wconf 91' lang='lat' dir='ltr'><strong>unus</strong></span> <span class='ocrx_word' id='word_1_165' title='bbox 941 2025 1050 2099; x_wconf 89' lang='lat' dir='ltr'><strong>homo,</strong></span> <span class='ocrx_word' id='word_1_166' title='bbox 1066 2024 1145 2106; x_wconf 84' lang='lat' dir='ltr'><strong>quia</strong></span> <span class='ocrx_word' id='word_1_167' title='bbox 1166 2040 1277 2089; x_wconf 90' lang='lat' dir='ltr'><strong>unum</strong></span> 
     </span>
     <span class='ocr_line' id='line_1_23' title="bbox 249 2111 1277 2196; baseline -0.003 -19"><span class='ocrx_word' id='word_1_168' title='bbox 249 2113 470 2196; x_wconf 88' lang='lat' dir='ltr'><strong>suppositum,</strong></span> <span class='ocrx_word' id='word_1_169' title='bbox 494 2132 556 2178; x_wconf 91' lang='lat' dir='ltr'><strong>nec</strong></span> <span class='ocrx_word' id='word_1_170' title='bbox 579 2112 746 2178; x_wconf 90' lang='lat' dir='ltr'><strong>diceretur</strong></span> <span class='ocrx_word' id='word_1_171' title='bbox 769 2111 859 2194; x_wconf 90' lang='lat' dir='ltr'><strong>quod</strong></span> <span class='ocrx_word' id='word_1_172' title='bbox 885 2130 951 2180; x_wconf 83' lang='lat' dir='ltr'><strong>une</strong></span> <span class='ocrx_word' id='word_1_173' title='bbox 977 2116 1097 2179; x_wconf 81' lang='lat' dir='ltr'><strong>nutura</strong></span> <span class='ocrx_word' id='word_1_174' title='bbox 1127 2115 1277 2179; x_wconf 81' lang='lat' dir='ltr'><strong>humana</strong></span> 
     </span>
     <span class='ocr_line' id='line_1_24' title="bbox 251 2201 1279 2287; baseline 0.001 -22"><span class='ocrx_word' id='word_1_175' title='bbox 251 2208 430 2268; x_wconf 84' lang='lat' dir='ltr'><strong>assumeret</strong></span> <span class='ocrx_word' id='word_1_176' title='bbox 452 2201 560 2282; x_wconf 84' lang='lat' dir='ltr'><strong>eliam,</strong></span> <span class='ocrx_word' id='word_1_177' title='bbox 583 2203 642 2268; x_wconf 88' lang='lat' dir='ltr'><strong>sed</strong></span> <span class='ocrx_word' id='word_1_178' title='bbox 664 2201 754 2285; x_wconf 90' lang='lat' dir='ltr'><strong>quod</strong></span> <span class='ocrx_word' id='word_1_179' title='bbox 773 2204 894 2266; x_wconf 83' lang='lat' dir='ltr'><strong>natura</strong></span> <span class='ocrx_word' id='word_1_180' title='bbox 909 2201 1027 2269; x_wconf 81' lang='lat' dir='ltr'><strong>divine</strong></span> <span class='ocrx_word' id='word_1_181' title='bbox 1051 2205 1215 2287; x_wconf 84' lang='lat' dir='ltr'><strong>utresque</strong></span> <span class='ocrx_word' id='word_1_182' title='bbox 1230 2219 1279 2266; x_wconf 83' lang='lat' dir='ltr'><strong>as·</strong></span> 
     </span>
     <span class='ocr_line' id='line_1_25' title="bbox 250 2296 407 2358; baseline 0 -2"><span class='ocrx_word' id='word_1_183' title='bbox 250 2296 407 2358; x_wconf 87' lang='lat' dir='ltr'><strong>sumeret.</strong></span> 
     </span>
    </p>

    <p class='ocr_par' dir='ltr' id='par_1_6' title="bbox 229 2380 1280 2735">
     <span class='ocr_line' id='line_1_26' title="bbox 229 2380 1280 2466; baseline -0.004 -18"><span class='ocrx_word' id='word_1_184' title='bbox 229 2380 297 2449; x_wconf 85' lang='lat' dir='ltr'><strong>Art.</strong></span> <span class='ocrx_word' id='word_1_185' title='bbox 321 2381 352 2449; x_wconf 85' lang='lat'><strong>8.</strong></span> <span class='ocrx_word' id='word_1_186' title='bbox 375 2380 425 2450; x_wconf 80' lang='lat' dir='ltr'><strong>An</strong></span> <span class='ocrx_word' id='word_1_187' title='bbox 446 2385 545 2466; x_wconf 72' lang='lat' dir='ltr'><strong>fucrit</strong></span> <span class='ocrx_word' id='word_1_188' title='bbox 563 2382 662 2465; x_wconf 75' lang='lat' dir='ltr'><strong>inopis</strong></span> <span class='ocrx_word' id='word_1_189' title='bbox 683 2380 875 2461; x_wconf 80' lang='lat' dir='ltr'><strong>conveniens,</strong></span> <span class='ocrx_word' id='word_1_190' title='bbox 892 2380 971 2462; x_wconf 79' lang='lat' dir='ltr'><strong>qood</strong></span> <span class='ocrx_word' id='word_1_191' title='bbox 984 2382 1085 2450; x_wconf 69' lang='lat' dir='ltr'><strong>lilios</strong></span> <span class='ocrx_word' id='word_1_192' title='bbox 1108 2387 1280 2449; x_wconf 71' lang='lat' dir='ltr'><strong>comeret</strong></span> 
     </span>
     <span class='ocr_line' id='line_1_27' title="bbox 252 2469 1277 2556; baseline 0 -20"><span class='ocrx_word' id='word_1_193' title='bbox 252 2477 395 2539; x_wconf 81' lang='lat' dir='ltr'><strong>naturam</strong></span> <span class='ocrx_word' id='word_1_194' title='bbox 417 2477 590 2554; x_wconf 75' lang='lat' dir='ltr'><strong>homonem,</strong></span> <span class='ocrx_word' id='word_1_195' title='bbox 625 2488 714 2556; x_wconf 80' lang='lat' dir='ltr'><strong>quom</strong></span> <span class='ocrx_word' id='word_1_196' title='bbox 737 2469 802 2534; x_wconf 79' lang='lat' dir='ltr'><strong>olio</strong></span> <span class='ocrx_word' id='word_1_197' title='bbox 825 2488 965 2552; x_wconf 69' lang='lat' dir='ltr'><strong>pesona.</strong></span> <span class='ocrx_word' id='word_1_198' title='bbox 991 2474 1025 2556; x_wconf 69' lang='grc' dir='ltr'><strong>ιι.</strong></span> <span class='ocrx_word' id='word_1_199' title='bbox 1048 2471 1101 2538; x_wconf 90' lang='lat' dir='ltr'><strong>Sic</strong></span> <span class='ocrx_word' id='word_1_200' title='bbox 1123 2472 1206 2555; x_wconf 85' lang='lat' dir='ltr'><strong>quia</strong></span> <span class='ocrx_word' id='word_1_201' title='bbox 1228 2490 1277 2536; x_wconf 84' lang='lat' dir='ltr'><strong>sa·</strong></span> 
     </span>
     <span class='ocr_line' id='line_1_28' title="bbox 254 2559 1279 2645; baseline 0 -18"><span class='ocrx_word' id='word_1_202' title='bbox 254 2561 388 2644; x_wconf 83' lang='lat' dir='ltr'><strong>pientia,</strong></span> <span class='ocrx_word' id='word_1_203' title='bbox 412 2567 446 2629; x_wconf 92' lang='lat' dir='ltr'><strong>et</strong></span> <span class='ocrx_word' id='word_1_204' title='bbox 467 2565 584 2642; x_wconf 88' lang='lat' dir='ltr'><strong>virtus,</strong></span> <span class='ocrx_word' id='word_1_205' title='bbox 607 2579 682 2645; x_wconf 84' lang='lat' dir='ltr'><strong>quoe</strong></span> <span class='ocrx_word' id='word_1_206' title='bbox 705 2559 894 2626; x_wconf 88' lang='lat' dir='ltr'><strong>ostenditur</strong></span> <span class='ocrx_word' id='word_1_207' title='bbox 908 2560 943 2626; x_wconf 92' lang='lat' dir='ltr'><strong>in</strong></span> <span class='ocrx_word' id='word_1_208' title='bbox 961 2560 1205 2641; x_wconf 80' lang='lat' dir='ltr'><strong>incarnatione,</strong></span> <span class='ocrx_word' id='word_1_209' title='bbox 1222 2579 1279 2642; x_wconf 81' lang='lat' dir='ltr'><strong>ep·</strong></span> 
     </span>
     <span class='ocr_line' id='line_1_29' title="bbox 255 2647 1073 2735; baseline 0.002 -20"><span class='ocrx_word' id='word_1_210' title='bbox 255 2651 445 2735; x_wconf 86' lang='lat' dir='ltr'><strong>propriatur</strong></span> <span class='ocrx_word' id='word_1_211' title='bbox 468 2651 564 2718; x_wconf 84' lang='lat' dir='ltr'><strong>Filio:</strong></span> <span class='ocrx_word' id='word_1_212' title='bbox 587 2653 666 2716; x_wconf 87' lang='lat' dir='ltr'><strong>sunt</strong></span> <span class='ocrx_word' id='word_1_213' title='bbox 688 2651 721 2715; x_wconf 89' lang='lat' dir='ltr'><strong>ct</strong></span> <span class='ocrx_word' id='word_1_214' title='bbox 742 2647 815 2715; x_wconf 77' lang='lat' dir='ltr'><strong>alia</strong></span> <span class='ocrx_word' id='word_1_215' title='bbox 837 2651 1073 2734; x_wconf 78' lang='lat' dir='ltr'><strong>congruentia.</strong></span> 
     </span>
    </p>
   </div>
   <div class='ocr_carea' id='block_1_3' title="bbox 630 2825 882 2914">
    <p class='ocr_par' dir='ltr' id='par_1_7' title="bbox 630 2825 882 2914">
     <span class='ocr_line' id='line_1_30' title="bbox 630 2825 882 2914; baseline -0.008 -18"><span class='ocrx_word' id='word_1_216' title='bbox 630 2825 811 2914; x_wconf 75' lang='lat' dir='ltr'><strong>consuo</strong></span> <span class='ocrx_word' id='word_1_217' title='bbox 833 2827 882 2898; x_wconf 84' lang='lat' dir='ltr'><strong>rr.</strong></span> 
     </span>
    </p>
   </div>
   <div class='ocr_carea' id='block_1_4' title="bbox 411 3009 1098 3272">
    <p class='ocr_par' dir='ltr' id='par_1_8' title="bbox 411 3009 1098 3272">
     <span class='ocr_line' id='line_1_31' title="bbox 470 3009 1045 3083; baseline -0.012 0"><span class='ocrx_word' id='word_1_218' title='bbox 470 3017 562 3083; x_wconf 80' lang='lat' dir='ltr'><strong>De</strong></span> <span class='ocrx_word' id='word_1_219' title='bbox 586 3009 764 3081; x_wconf 88' lang='lat' dir='ltr'><strong>modo</strong></span> <span class='ocrx_word' id='word_1_220' title='bbox 790 3010 1045 3078; x_wconf 83' lang='lat' dir='ltr'><strong>unionis.</strong></span> 
     </span>
     <span class='ocr_line' id='line_1_32' title="bbox 482 3105 1053 3186; baseline -0.005 -16"><span class='ocrx_word' id='word_1_221' title='bbox 482 3122 557 3172; x_wconf 84' lang='lat' dir='ltr'><strong>ex</strong></span> <span class='ocrx_word' id='word_1_222' title='bbox 580 3105 760 3186; x_wconf 78' lang='lat' dir='ltr'><strong>parte</strong></span> <span class='ocrx_word' id='word_1_223' title='bbox 786 3105 1053 3168; x_wconf 80' lang='lat' dir='ltr'><strong>naturae</strong></span> 
     </span>
     <span class='ocr_line' id='line_1_33' title="bbox 411 3193 1098 3272; baseline 0.003 -15"><span class='ocrx_word' id='word_1_224' title='bbox 411 3193 714 3260; x_wconf 84' lang='lat' dir='ltr'><strong>humanae</strong></span> <span class='ocrx_word' id='word_1_225' title='bbox 731 3197 1098 3272; x_wconf 80' lang='lat' dir='ltr'><strong>assumptae.</strong></span> 
     </span>
    </p>
   </div>
   <div class='ocr_carea' id='block_1_5' title="bbox 236 3368 1280 3729">
    <p class='ocr_par' dir='ltr' id='par_1_9' title="bbox 236 3368 1280 3729">
     <span class='ocr_line' id='line_1_34' title="bbox 236 3368 1280 3459; baseline 0 -23"><span class='ocrx_word' id='word_1_226' title='bbox 236 3368 305 3436; x_wconf 80' lang='lat' dir='ltr'><strong>Art.</strong></span> <span class='ocrx_word' id='word_1_227' title='bbox 330 3369 359 3436; x_wconf 94' lang='lat' dir='ltr'><strong>l.</strong></span> <span class='ocrx_word' id='word_1_228' title='bbox 382 3369 433 3437; x_wconf 81' lang='lat' dir='ltr'><strong>Ac</strong></span> <span class='ocrx_word' id='word_1_229' title='bbox 459 3379 573 3442; x_wconf 80' lang='lat' dir='ltr'><strong>cotors</strong></span> <span class='ocrx_word' id='word_1_230' title='bbox 600 3375 732 3442; x_wconf 77' lang='lat' dir='ltr'><strong>tomeun</strong></span> <span class='ocrx_word' id='word_1_231' title='bbox 765 3374 864 3459; x_wconf 80' lang='lat' dir='ltr'><strong>suerit</strong></span> <span class='ocrx_word' id='word_1_232' title='bbox 889 3371 988 3452; x_wconf 76' lang='lat' dir='ltr'><strong>oropo</strong></span> <span class='ocrx_word' id='word_1_233' title='bbox 1018 3370 1280 3454; x_wconf 71' lang='lat' dir='ltr'><strong>ossomptililrso</strong></span> 
     </span>
     <span class='ocr_line' id='line_1_35' title="bbox 259 3458 1277 3547; baseline 0 -21"><span class='ocrx_word' id='word_1_234' title='bbox 259 3460 342 3526; x_wconf 80' lang='lat' dir='ltr'><strong>Filio</strong></span> <span class='ocrx_word' id='word_1_235' title='bbox 365 3458 434 3541; x_wconf 80' lang='lat' dir='ltr'><strong>Dei,</strong></span> <span class='ocrx_word' id='word_1_236' title='bbox 458 3464 633 3547; x_wconf 78' lang='lat' dir='ltr'><strong>quamcito</strong></span> <span class='ocrx_word' id='word_1_237' title='bbox 656 3473 779 3533; x_wconf 78' lang='lat' dir='ltr'><strong>soture.</strong></span> <span class='ocrx_word' id='word_1_238' title='bbox 805 3464 841 3547; x_wconf 73' lang='grc' dir='ltr'><strong>ιι.</strong></span> <span class='ocrx_word' id='word_1_239' title='bbox 870 3459 1059 3526; x_wconf 91' lang='lat' dir='ltr'><strong>Secundum</strong></span> <span class='ocrx_word' id='word_1_240' title='bbox 1090 3479 1277 3546; x_wconf 77' lang='lat' dir='ltr'><strong>congruen-</strong></span> 
     </span>
     <span class='ocr_line' id='line_1_36' title="bbox 261 3547 1278 3641; baseline 0.003 -28"><span class='ocrx_word' id='word_1_241' title='bbox 261 3549 340 3614; x_wconf 83' lang='lat' dir='ltr'><strong>tiam</strong></span> <span class='ocrx_word' id='word_1_242' title='bbox 363 3549 424 3630; x_wconf 90' lang='lat' dir='ltr'><strong>sic;</strong></span> <span class='ocrx_word' id='word_1_243' title='bbox 448 3553 514 3618; x_wconf 89' lang='lat' dir='ltr'><strong>imo</strong></span> <span class='ocrx_word' id='word_1_244' title='bbox 537 3558 570 3619; x_wconf 92' lang='lat' dir='ltr'><strong>et</strong></span> <span class='ocrx_word' id='word_1_245' title='bbox 592 3555 669 3635; x_wconf 85' lang='lat' dir='ltr'><strong>sola,</strong></span> <span class='ocrx_word' id='word_1_246' title='bbox 693 3555 772 3641; x_wconf 82' lang='lat' dir='ltr'><strong>quin</strong></span> <span class='ocrx_word' id='word_1_247' title='bbox 794 3558 842 3618; x_wconf 90' lang='lat' dir='ltr'><strong>est</strong></span> <span class='ocrx_word' id='word_1_248' title='bbox 865 3547 998 3634; x_wconf 76' lang='lat' dir='ltr'><strong>dignior</strong></span> <span class='ocrx_word' id='word_1_249' title='bbox 1020 3555 1173 3617; x_wconf 79' lang='lat' dir='ltr'><strong>creatura</strong></span> <span class='ocrx_word' id='word_1_250' title='bbox 1195 3549 1278 3616; x_wconf 83' lang='lat' dir='ltr'><strong>irra-</strong></span> 
     </span>
     <span class='ocr_line' id='line_1_37' title="bbox 262 3639 1278 3729; baseline 0.006 -27"><span class='ocrx_word' id='word_1_251' title='bbox 262 3639 386 3718; x_wconf 80' lang='lat' dir='ltr'><strong>tionali,</strong></span> <span class='ocrx_word' id='word_1_252' title='bbox 402 3660 476 3725; x_wconf 86' lang='lat' dir='ltr'><strong>quae</strong></span> <span class='ocrx_word' id='word_1_253' title='bbox 491 3665 559 3712; x_wconf 89' lang='lat' dir='ltr'><strong>non</strong></span> <span class='ocrx_word' id='word_1_254' title='bbox 584 3649 690 3728; x_wconf 87' lang='lat' dir='ltr'><strong>potest</strong></span> <span class='ocrx_word' id='word_1_255' title='bbox 712 3659 919 3729; x_wconf 76' lang='lat' dir='ltr'><strong>cognoscere,</strong></span> <span class='ocrx_word' id='word_1_256' title='bbox 936 3641 1093 3708; x_wconf 76' lang='lat' dir='ltr'><strong>elamore</strong></span> <span class='ocrx_word' id='word_1_257' title='bbox 1114 3639 1278 3718; x_wconf 70' lang='lat' dir='ltr'><strong>Verbum</strong></span> 
     </span>
    </p>
   </div>
   <div class='ocr_carea' id='block_1_6' title="bbox 0 0 1307 4210">
    <p class='ocr_par' dir='ltr' id='par_1_10' title="bbox 0 0 1307 4210">
     <span class='ocr_line' id='line_1_38' title="bbox 0 0 1307 4210; baseline 0 0"><span class='ocrx_word' id='word_1_258' title='bbox 0 0 1307 4210; x_wconf 95' lang='lat' dir='ltr'><strong> </strong></span> 
     </span>
    </p>
   </div>
  </div>
 </body>
</html>
