2622 4210
268 80 335 150 eac
526 96 572 151 nx
596 99 763 154 anonam
786 99 964 152 snouunrn

248 235 470 320 intelligimus,
492 236 551 304 sed
573 235 651 320 quia
674 239 763 300 recte
786 252 973 320 operamur.
996 234 1076 301 ltem
1099 235 1279 320 appetitus

245 324 422 392 sensitivus
451 346 519 392 non
548 325 689 409 percipit
717 323 965 408 proportionem
996 326 1096 390 unius
1119 327 1163 391 ad
1187 326 1280 390 alte-

247 433 339 496 rnm3
362 418 420 483 sed
442 417 509 483 sola
531 415 626 493 ratio,
649 414 723 480 ideo
745 414 911 498 appetitus
935 414 1105 481 rationalis
1123 419 1175 480 est
1188 416 1278 479 sub-

243 505 369 587 jectum
388 505 536 588 J'ustitiae.
1300 507 1301 584 ζ

224 589 292 660 Art.
315 593 748 680 conjecturarum
770 595 931 678 promotis.
965 595 1000 678 ri.
1024 593 1065 659 Ut
1088 596 1280 660 ordinatur
1300 595 1301 634 l

247 685 289 750 ad
312 686 439 750 bonum
461 703 638 751 commune
659 684 716 764 sic,
739 689 773 750 et
795 684 919 752 dicitur
941 683 1064 767 legalis,
1087 685 1207 750 sedut
1224 687 1301 754 cst3

247 773 289 838 ad
311 773 436 859 aliquid
458 773 668 859 singulariter
689 773 947 850 consideratum,
970 776 1020 838 est
1041 772 1240 856 singularis.
1300 771 1301 840 ἶ

246 859 322 927 *Si
352 864 526 930 ordinetur
556 865 599 930 ad
629 863 753 930 malum
787 881 980 940 commune,
1014 867 1063 928 est
1092 865 1278 946 peccatum

246 970 435 1019 commune.
1300 981 1301 994 κ

224 1039 292 1108 Art.
315 1041 346 1110 6.
370 1040 419 1110 Ao
435 1044 562 1126 justitio
584 1049 627 1109 ot.
641 1048 688 1108 ert
707 1043 869 1126 peperolo,
892 1041 1035 1107 attidem
1058 1041 1276 1108 essentialiter
1300 1047 1301 1052 ’

247 1150 315 1198 rem
337 1135 421 1198 omni
441 1135 565 1200 virtute.
590 1135 625 1218 ri.
648 1132 729 1211 Non,
752 1134 810 1199 sed
832 1131 1016 1203 seeundum
1038 1131 1214 1210 virtutem,
1239 1133 1278 1194 et

249 1225 297 1286 cst
326 1241 422 1289 causa
445 1221 606 1305 generalis
628 1222 787 1288 ordinans
816 1225 907 1288 actus
937 1221 1075 1288 aliarum
1099 1221 1144 1286 ad
1166 1237 1276 1285 sunm

247 1311 364 1391 finem,
395 1313 484 1396 quod
513 1315 562 1376 est
592 1329 727 1380 movere
759 1329 818 1395 per
848 1310 1024 1394 imperium
1047 1328 1164 1376 omnes
1188 1309 1276 1375 alias

247 1399 399 1470 virtutes.
569 1451 570 1454 ,
1300 1453 1301 1466 .

224 1485 292 1556 Art.
317 1487 348 1556 7.
370 1491 420 1556 Ao
441 1491 485 1556 sit
505 1490 609 1574 aliquo
625 1493 752 1574 justitio
767 1490 968 1574 particularis
983 1490 1276 1574 proterio-stitione

247 1579 432 1662 pecoralem„
453 1583 487 1662 ri.
510 1580 579 1660 Sic,
602 1581 679 1663 quia
702 1587 823 1664 praeter
845 1580 997 1663 legalem,
1020 1599 1095 1664 quae
1117 1585 1167 1644 est
1192 1579 1276 1644 uni·

247 1669 397 1749 versalis,
426 1669 560 1738 ordinat
588 1669 758 1737 hominem
780 1671 868 1736 cirea
891 1669 1123 1753 particularem
1154 1685 1276 1750 perso·

248 1758 556 1838 eanimurum,
585 1759 664 1845 qnia
689 1759 801 1842 legalis
829 1758 1020 1830 immediate
1048 1757 1183 1824 ordinat
1210 1759 1274 1824 bo·

247 1866 331 1913 num
344 1868 530 1928 commune,
546 1850 604 1914 sed
620 1849 761 1914 mediate
773 1850 815 1914 ad
827 1848 1059 1930 particularem
1076 1865 1273 1930 personam.

246 1933 262 1964 *
277 1937 405 2010 Bon-um
420 1957 597 2006 commune
611 1937 764 2015 civitatis,
782 1944 817 2002 et
831 1940 957 2004 bonum
972 1954 1149 2005 commune
1164 1936 1273 2002 unius

247 2045 394 2110 personae
425 2029 585 2094 differunt
614 2027 812 2106 formaliter,
843 2031 876 2092 et
906 2026 981 2093 ideo
1012 2025 1190 2110 requirunt
1216 2025 1273 2092 dl-

247 2134 356 2204 versas
379 2117 528 2183 virtutes.
722 2185 724 2188 .

224 2203 293 2272 Art.
316 2204 348 2272 8.
371 2204 420 2274 Ao
437 2208 564 2289 justitio
582 2208 785 2291 particularis
799 2205 906 2274 loleol
919 2209 1079 2272 materiam
1093 2205 1270 2290 smeioleor.

248 2296 283 2378 rt.
305 2294 367 2374 Sic,
391 2298 469 2380 qnia
492 2297 604 2360 estad
627 2298 778 2375 alterum,
801 2297 874 2363 alim
898 2297 1039 2362 virtutes
1062 2315 1142 2361 non.

224 2381 293 2452 Art.
315 2385 347 2452 9.
369 2383 419 2452 Ao
436 2387 563 2469 justitio
583 2388 627 2451 stt
647 2389 729 2458 circo
749 2390 914 2470 passiones.
939 2388 975 2470 il.
996 2385 1079 2463 Non,
1101 2385 1159 2453 sed
1176 2384 1270 2452 cirea
1300 2445 1301 2450 ,

247 2475 463 2557 operationeS,
486 2479 660 2560 quaesunt
682 2477 724 2542 ad
746 2477 887 2549 alterum
911 2475 1111 2559 immediate;
1135 2477 1170 2539 at
1193 2494 1270 2558 pas·

246 2564 354 2632 siones
376 2564 565 2630 immediate
588 2583 656 2630 non
678 2569 757 2630 sunt
780 2565 822 2632 ad
844 2566 996 2630 alterum.

224 2653 295 2744 Art.
319 2655 372 2720 10.
395 2653 444 2726 Aa
466 2653 595 2746 medinm
610 2655 743 2736 justitio
765 2657 809 2720 rr't
828 2654 958 2720 medium
979 2654 1038 2724 rei.
1067 2654 1103 2737 rt.
1126 2651 1189 2732 Sic,
1213 2652 1269 2720 in-

248 2746 300 2807 ter
323 2746 444 2827 majus,
468 2747 501 2808 et
524 2743 650 2822 minus,
674 2749 707 2809 et
729 2743 877 2810 consistit
900 2744 936 2810 in
959 2743 1101 2828 quadam
1125 2759 1269 2826 propor-

247 2832 346 2935 tionis
380 2833 563 2917 aequalitate
597 2832 647 2903 rei
679 2832 851 2899 exterioris
885 2833 927 2898 ad
961 2850 1136 2915 personam
1171 2837 1269 2900 exle-

247 2941 379 2989 morem.

246 3007 261 3038 *
283 3011 422 3078 lledium
447 3012 495 3078 rei
517 3016 566 3079 est
592 3011 691 3078 etiam
721 3012 868 3079 medium
898 3011 1051 3092 rationis,
1086 3011 1193 3078 etita
1227 3011 1266 3079 in

244 3099 370 3183 iustitia
391 3101 537 3170 salvatur
560 3102 644 3168 ratio
667 3102 799 3168 virtutis
823 3101 965 3168 moralis.

224 3189 292 3257 Art.
316 3190 368 3259 ll.
395 3190 445 3258 Art
467 3199 551 3257 octor
572 3194 706 3273 justitio
739 3194 783 3258 sit
817 3191 939 3258 reddere
971 3193 1153 3276 colonione,
1186 3191 1268 3274 quod

247 3299 334 3348 reem
362 3290 416 3350 ert.
451 3283 486 3366 rt.
519 3279 586 3358 Sic,
615 3281 693 3363 quia
719 3281 859 3348 materia
884 3281 1021 3364 justitie
1043 3289 1093 3348 est
1115 3283 1266 3364 operatio

247 3370 405 3451 exterior,
435 3375 473 3436 ut
502 3369 585 3452 ipsa,
617 3371 670 3434 vel
701 3388 752 3436 res
776 3371 1047 3455 proportionetur
1068 3371 1164 3438 alteri
1187 3389 1265 3454 per·

246 3479 335 3526 sonae
357 3463 400 3528 ad
422 3477 522 3547 quarn
542 3457 669 3542 justitia
692 3458 879 3528 ordinatur.

226 3547 293 3616 Art.
317 3549 370 3620 12.
392 3549 442 3624 Ao
459 3550 585 3632 tortitia
600 3552 800 3633 proeminent
820 3553 904 3626 ieter
924 3569 1028 3620 omncs
1050 3547 1179 3620 oirmler
1199 3567 1262 3618 ero·

246 3639 336 3798 {pira
372 3643 408 3727 ri.
442 3639 508 3722 Sic,
542 3636 619 3725 quie
648 3643 697 3708 est
726 3642 852 3712 bonum
881 3659 1058 3712 commuue
1088 3642 1188 3714 ctiam
1217 3644 1263 3714 ro

279 3733 398 3798 terum.
