2604 4210
418 127 496 180 n1v1
519 125 666 180 ruoum.
950 106 1016 176 atu

32 263 46 294 *
68 263 303 348 Frequentare
327 261 446 344 palatia
468 280 585 346 regum
601 264 736 345 propter
759 260 902 338 delicias,
921 261 974 326 vel
991 259 1062 343 glo·

33 354 129 429 riam,
157 372 230 419 non
253 351 412 432 competit
434 351 491 429 cis,
505 352 564 417 sed
587 354 722 434 propter
744 349 813 434 pias
835 369 958 428 causas,
981 348 1038 415 sic.

18 447 80 508 Art.
105 442 140 509 3.
169 441 381 524 inreligiosi
405 447 566 508 tcucontur
587 440 728 508 monibus
759 439 905 507 laborare.
930 441 967 523 il.
990 438 1061 504 Nou

34 532 141 616 magis
167 550 268 616 quam
291 531 463 609 seculares,
488 530 551 596 nisi
575 550 634 614 per
657 530 805 615 regulam
827 530 870 596 ad
892 531 955 596 boc
977 525 1063 594 obli·

33 625 174 703 gantur.
199 621 278 687 ltem
303 622 396 687 labor
411 621 590 703 corporalis
612 621 757 686 valetud
779 624 932 703 quatuor.
949 616 1063 684 Primo

35 712 76 776 ad
99 709 237 776 victum
261 711 496 795 querendum,
520 713 553 775 et
585 710 613 775 si
637 729 705 776 non
740 711 882 776 babetur
916 706 1064 785 aliunde,

35 804 82 864 cet
105 802 178 866 sub
211 803 387 884 praecepto.
414 798 566 867 Secundo
595 801 638 866 ad
669 799 853 865 tollendum
887 797 1004 876 otium,
1027 799 1065 860 et

37 908 106 954 uon
132 894 189 954 est
203 890 265 955 sub
288 892 462 972 praecepto,
475 889 553 972 quia
566 889 638 954 aliis
653 887 715 954 viis
731 891 836 971 potest
851 887 932 954 tolli.
943 885 1064 964 Tertio,

38 979 79 1043 ad
104 978 358 1045 reiraenandam
373 977 685 1062 concupiscentiam,
700 982 734 1043 et
757 996 825 1045 nou
842 979 891 1042 est
901 977 965 1043 sub
978 994 1066 1060 praa-

38 1072 148 1151 cepto.
176 1070 310 1152 Quarto,
335 1070 377 1134 ad
400 1069 642 1152 etaemusyuam
664 1066 906 1145 faciendumst
930 1066 1066 1132 nonest

40 1159 100 1224 sub
126 1159 308 1240 praecepto,
324 1156 388 1223 nisi
411 1157 496 1224 forte
510 1157 545 1223 iu
562 1157 672 1243 aliquo
687 1175 775 1224 casu.
791 1155 872 1222 ltem
887 1157 950 1221 sub
964 1173 1065 1239 opere

43 1248 196 1314 manuali
225 1245 460 1332 intelliguntur
487 1246 599 1314 omnia
627 1246 734 1314 officia
760 1247 1005 1324 membrorum,
1028 1245 1066 1307 ut

43 1335 181 1420 linguae,
206 1336 339 1419 pedum,
364 1342 396 1402 et
418 1336 538 1421 quibus
550 1339 648 1403 bomo
670 1336 759 1402 licite
769 1335 917 1402 lucratur
928 1334 1066 1400 victum.

43 1422 123 1490 item
153 1427 214 1509 qui
238 1430 358 1492 vacant
392 1425 547 1510 operibus
579 1424 816 1509 spiritualibus,
847 1429 885 1491 ut
906 1421 1066 1502 orationi,

46 1515 191 1595 psalmis,
208 1519 344 1599 propter
359 1517 485 1582 bonum
496 1532 682 1594 commune,
698 1519 900 1582 excusantur
914 1518 957 1580 ab
967 1530 1068 1597 opere

47 1604 206 1681 manuali,
221 1605 280 1670 sed
302 1605 330 1670 si
355 1611 475 1672 vacant
490 1604 638 1688 privatis,
657 1623 725 1671 non
747 1606 949 1671 excusantur
964 1623 983 1669 a
999 1620 1067 1668 ma·

48 1693 149 1759 uuali.
177 1693 258 1759 ltem
293 1694 350 1778 qui
384 1695 497 1762 omnia
525 1698 690 1779 spernunt
720 1696 854 1778 propter
887 1691 1009 1771 Deum,
1039 1690 1067 1756 si

49 1783 175 1848 babent
199 1784 291 1849 unda
314 1784 441 1860 vivant,
465 1803 532 1850 non
557 1788 715 1850 tenentur
738 1781 892 1849 manibus
907 1782 1067 1847 laborare.

32 1869 92 1938 Art.
116 1872 150 1938 t.
175 1871 225 1938 Aa
247 1874 401 1956 religiosis
425 1874 517 1939 licent
537 1873 572 1940 dc
593 1875 788 1956 eteemmputs
809 1873 920 1938 uicus.
945 1873 981 1956 rt,
1004 1869 1068 1948 Sic,

50 1961 124 2043 quia
148 1962 368 2046 eleemosyna
390 1983 431 2029 ex
454 1963 649 2030 liberalitate
671 1961 826 2028 donantis
842 1961 1007 2027 debentur
1022 1960 1069 2026 eis

51 2052 91 2116 ob
114 2052 356 2131 necessitatem,
380 2053 432 2118 vel
456 2053 499 2119 ob
521 2053 668 2137 corporis
690 2051 917 2117 infirmitatem
940 2071 982 2116 ex
1004 2069 1069 2136 qua

52 2159 117 2206 uon
142 2146 283 2225 possunt
316 2141 480 2221 laborare,
505 2145 558 2208 vel
580 2145 609 2210 si
631 2141 725 2208 labor
754 2160 822 2209 nou
850 2140 989 2220 suflicit,
1013 2141 1067 2205 vel

51 2230 126 2311 quia
150 2251 221 2297 non
245 2235 324 2298 sunt
346 2232 465 2299 assueti
488 2232 638 2299 laborare
661 2231 827 2298 manibus.
842 2228 922 2296 ltem
945 2232 1071 2297 deben-

54 2322 104 2384 tur
126 2339 171 2388 ex
193 2340 243 2400 eo,
267 2321 357 2406 quod
380 2321 505 2406 aliquid
528 2321 600 2388 aliis
622 2321 793 2402 exhibent,
807 2318 878 2385 sive
888 2318 1068 2404 spirituale,

53 2407 118 2476 sive
141 2411 334 2493 temporale,
349 2415 387 2477 ut
401 2410 429 2476 si
445 2411 629 2495 praediccut
642 2410 838 2478 auctoritate
853 2408 1069 2475 Praelatorum

54 2497 78 2563 si
98 2499 293 2567 ministrent
319 2500 355 2566 in
378 2501 503 2579 altare,
525 2500 553 2567 si
581 2501 738 2567 studeant
765 2517 866 2566 sacrae
897 2498 1070 2583 scripture

55 2585 86 2651 in
110 2591 240 2656 bonum
262 2608 449 2670 commune,
471 2590 499 2656 si
526 2592 614 2658 bona
637 2586 840 2673 temporalia,
863 2607 938 2673 quae
972 2589 1072 2655 babe-

55 2675 132 2745 baut
156 2679 355 2747 monasterio
376 2677 570 2764 largiantur.
586 2679 670 2746 Itam
693 2697 772 2746 usus
785 2679 1072 2762 elcemosynarum

56 2769 99 2830 est
121 2769 282 2854 religiosis
296 2767 443 2848 illicitus,
456 2769 484 2834 si
507 2769 671 2836 desistunt
692 2771 736 2836 ab
756 2767 884 2836 actibus
904 2766 1070 2852 religiosis,

57 2856 128 2938 quia
153 2858 354 2927 defraudant
376 2862 522 2925 mentem
545 2858 713 2936 dantium,
737 2877 811 2943 quae
833 2858 912 2938 fuit,
936 2861 974 2923 ut
997 2856 1073 2922 rali-

57 2943 140 3026 giose
164 2947 294 3027 vivant,
317 2952 351 3014 et
369 2949 490 3016 'dantes
514 2947 724 3033 participent.
740 2947 820 3014 item
843 2952 892 3014 est
907 2946 1072 3024 illicitum,

57 3033 81 3097 si
101 3035 199 3103 otiosi
222 3037 349 3116 vivant,
366 3041 401 3102 et
421 3037 449 3104 si
472 3057 513 3104 ex
536 3037 659 3117 servili,
675 3037 727 3104 vel
744 3035 910 3104 rusticana
935 3037 1002 3103 vita
1015 3055 1073 3102 ve·

59 3123 166 3206 niunt,
189 3131 224 3193 et
247 3126 368 3196 nolunt
390 3127 550 3207 laborare,
564 3131 645 3195 tuno
668 3126 758 3193 enim
772 3145 840 3193 non
857 3128 1072 3194 manducant.

59 3209 132 3281 ltem
157 3215 185 3282 si
208 3216 263 3283 alii
277 3215 403 3283 suntin
419 3222 567 3284 extrema
582 3216 783 3296 necessitate,
799 3215 861 3300 ipsi
886 3215 1074 3285 abstineant

61 3305 97 3370 ab
118 3305 345 3392 eleemosynis.
370 3305 461 3388 ltem,
477 3306 611 3392 quando
634 3310 683 3372 est
707 3305 878 3376 manifesta
901 3304 1075 3372 necessitas

61 3397 89 3456 et
109 3395 245 3476 utililas,
268 3401 302 3462 et
323 3395 466 3481 religiosi
491 3395 611 3462 vivunt
640 3416 681 3462 ex
705 3394 919 3480 eleemosynis
949 3395 1075 3478 absque

62 3500 156 3566 opare
178 3485 325 3553 manuali
347 3485 553 3553 intirminon
576 3484 854 3569 scandalizantur,
869 3485 928 3552 sed
944 3487 1074 3550 tantum

63 3573 224 3655 malitiosi,
256 3577 297 3642 de
331 3595 474 3660 quorum
505 3575 659 3646 scandalo
695 3579 836 3644 nonest
869 3572 1074 3654 curandum,

64 3664 134 3747 quia
155 3663 334 3750 passivum.
