2614 4190
272 77 338 146 450
526 92 573 144 nx
598 89 766 146 soooono
790 91 968 147 ascusam

231 168 597 188 ——m

616 388 795 474 QoAEsito
822 392 884 461 tx.

478 531 571 640 De
595 574 1025 656 sacramentis.

225 753 295 824 Art.
320 754 352 823 i.
375 750 427 820 Ao
448 759 671 822 sotroooootom
692 755 738 820 sit
758 756 792 820 io
815 773 924 838 qeooro
944 755 1040 839 sioni.
1065 756 1101 841 ii.
1117 754 1182 836 sio,
1196 753 1270 822 lieet

247 846 291 912 sit
313 843 413 910 etiam
436 863 534 910 eausa
555 843 748 922 sanctitatis,
770 847 829 910 sed
852 846 916 921 his,
942 849 980 909 ut
1000 844 1155 929 signum,
1186 844 1272 913 siout

248 935 348 1001 urina
371 932 493 999 dieitur
515 951 606 1012 sana,
629 933 707 999 lieet
729 933 894 1000 medisina
916 933 1048 1000 ditatur
1064 935 1166 1002 etiam
1182 954 1270 1002 sano.

249 1025 262 1051 *
284 1024 454 1092 Secretum
468 1022 592 1090 dieitur
606 1027 861 1102 sacramentum,
878 1025 962 1090 idest
976 1043 1047 1092 non
1058 1023 1270 1103 violandum

248 1118 282 1181 ot
305 1114 543 1194 iuramentum,
565 1112 644 1196 quia
667 1115 706 1178 fit
728 1133 788 1197 por
812 1133 882 1180 rem
906 1131 1045 1180 sacram.

226 1203 294 1273 Art.
312 1203 346 1272 2.
369 1202 418 1270 Ao
442 1220 528 1270 omoo
550 1206 673 1287 siquam
706 1207 753 1271 roi
780 1222 884 1272 sooroo
909 1207 954 1270 sit
977 1211 1214 1272 soorootootoot
1238 1206 1268 1288 ri.

248 1295 285 1362 ln
309 1296 472 1379 quantum
486 1292 670 1358 sanctificat
685 1292 927 1372 hommensis,
942 1294 1020 1380 quio
1037 1293 1133 1378 sigua
1148 1294 1269 1362 danim

247 1382 450 1463 hominihus,
469 1385 508 1447 ot
530 1400 590 1465 per
612 1401 651 1447 ea
673 1387 752 1450 nota
774 1384 817 1449 ad
840 1383 952 1468 ignota
974 1383 1161 1466 perveniat,
1184 1384 1265 1450 idest

249 1474 292 1540 ad
311 1471 451 1558 gratiam
473 1466 751 1553 sanctificantem
777 1478 808 1540 et
825 1477 874 1540 est
896 1473 1057 1553 definitio,
1072 1472 1210 1559 signum
1225 1471 1267 1540 roi

247 1582 360 1641 saorae,
383 1562 468 1628 idest
491 1560 606 1646 gratioe
627 1563 862 1630 sanctificantis
885 1562 1068 1630 hominem.

248 1651 415 1720 Creaturae
437 1650 626 1737 significant
649 1671 720 1718 rem
743 1671 883 1730 sacram,
899 1657 937 1718 ut
952 1653 1113 1719 attributa
1128 1651 1199 1732 Dei,
1215 1653 1268 1719 sed

248 1763 318 1811 non
341 1741 550 1808 sanctificant
573 1759 643 1808 nos.
667 1741 747 1810 item
771 1743 807 1810 in
831 1744 902 1828 iege
923 1741 1070 1827 antiqua,
1084 1741 1267 1827 quaesigni·

248 1835 395 1900 fioabant
415 1830 624 1898 sanctitatem
640 1830 771 1909 Christi,
787 1833 824 1898 ut
840 1852 899 1917 per
914 1850 987 1898 eam
1003 1851 1063 1899 nos
1077 1833 1266 1910 oaootiiioat,

248 1928 346 1992 erant
368 1923 595 2000 sacramenta;
617 1921 676 1988 sed
698 1940 773 2007 quae
794 1921 1002 1989 sanctitatem
1026 1919 1150 1990 Christi
1172 1921 1208 1988 in
1226 1940 1266 1999 so,

249 2033 330 2080 non.
367 2012 447 2079 item
470 2009 699 2094 dispositiones
731 2011 775 2076 ad
802 2011 1032 2092 sanctitatem,
1056 2014 1094 2076 ut
1127 2010 1265 2096 aspersio

248 2122 353 2188 aquae
376 2101 579 2181 benedictae,
601 2099 804 2168 consecratio
825 2101 947 2180 altaris,
971 2121 1039 2168 non
1062 2104 1142 2170 sunt
1164 2120 1264 2168 saera·

251 2195 376 2262 menta.

227 2282 295 2353 Art.
319 2281 352 2350 3.
373 2279 424 2348 Ao
445 2290 666 2350 sacromentum
687 2283 730 2348 sit
750 2284 873 2368 siyoom
895 2282 988 2350 ooios
1010 2283 1059 2350 roi
1082 2287 1213 2349 motam.
1231 2282 1263 2364 i.

249 2373 333 2454 Non,
356 2371 434 2458 quia
456 2371 657 2440 Eucharistia
678 2371 842 2458 signifieat
864 2391 983 2456 eorpus
1004 2369 1125 2440 Christi
1149 2387 1263 2438 verum

250 2469 285 2531 et
299 2462 486 2549 mysticum.
503 2462 584 2528 Item
596 2466 840 2530 sacramentum
857 2461 1021 2546 signifieat
1038 2464 1184 2528 nostram
1196 2480 1267 2527 san·

252 2552 478 2632 tifioationem,
501 2551 537 2618 in
561 2572 626 2638 qua
649 2557 697 2619 est
718 2571 816 2620 eausa
838 2551 943 2636 passio
965 2549 1095 2632 Christi,
1122 2570 1196 2636 qum
1219 2553 1265 2616 est

252 2644 383 2729 signum
404 2641 711 2724 rememorativum;
735 2642 850 2722 iorma,
866 2660 941 2728 quaa
952 2644 1002 2708 ost
1015 2640 1130 2727 gratia,
1148 2639 1266 2706 dieitur

253 2730 571 2814 demonstrativum
601 2731 695 2817 finis,
723 2750 798 2817 quae
825 2735 874 2800 est
902 2729 1028 2816 gloria,
1056 2733 1106 2798 est
1134 2749 1268 2817 progno-

249 2821 381 2891 sticum.

252 2914 266 2940 ”
288 2913 352 2982 Sed
375 2918 456 2984 haee
479 2916 623 3002 quodam
646 2913 765 2984 ordine
786 2916 866 2979 sont
889 2930 1006 2993 unum,
1028 2908 1131 2978 etsie
1162 2926 1267 2978 saera·

252 3009 404 3074 mentum
428 3011 466 3076 ut
487 3007 620 3092 signum
643 3026 712 3073 non
734 3004 827 3072 fallit.

232 3096 300 3166 Art.
325 3096 673 3166 tristimoniam
694 3113 810 3180 amoos
830 3096 875 3162 sit
901 3093 1006 3178 atiquo
1032 3110 1081 3160 ros
1107 3088 1266 3158 scissibilis.

257 3191 294 3273 oi.
318 3184 382 3270 Sio,
407 3192 444 3256 ut
467 3207 527 3272 per
549 3208 602 3255 eos
625 3189 787 3254 duoamur
812 3187 855 3254 ad
884 3183 1148 3268 cognoscendum
1175 3179 1267 3264 spiri·

253 3278 366 3360 tualia,
391 3277 511 3364 quibus
532 3279 788 3356 sanctificamur,
811 3277 903 3344 etin
926 3278 989 3342 hoo
1011 3274 1097 3342 Deus
1126 3267 1266 3356 providit

253 3368 349 3436 nobis
371 3369 555 3436 seeundum
578 3371 715 3436 modum
738 3371 900 3436 nostrum.

253 3456 269 3488 *
293 3457 331 3524 Et
353 3457 400 3524 sio
423 3477 474 3524 res
496 3460 658 3526 sensibilis
681 3477 740 3542 por
762 3479 796 3524 se
821 3477 888 3524 non
913 3454 1058 3541 pertinet
1080 3455 1123 3522 ad
1145 3453 1265 3519 ouitom

254 3547 326 3630 Dei,
350 3547 413 3613 nisi
435 3552 473 3614 ui
496 3554 544 3614 est
566 3550 697 3635 signum
721 3549 770 3614 rei
795 3546 996 3632 spiritualis,
1031 3563 1097 3632 qua
1132 3559 1263 3627 regnum

255 3636 315 3704 Dei
338 3637 537 3706 continetur.
