2622 4210
393 119 470 170 nrvr
493 119 639 170 aunum.
928 97 992 172 307

376 327 658 436 Qumuoun
738 425 740 432 ¹

27 527 103 588 De
126 530 398 592 veritate
425 536 488 591 et
511 530 681 592 vitiis
708 531 1023 606 oppositis,

19 697 66 767 lrt.
89 702 117 769 l.
141 703 328 771 Anderitos
351 707 395 770 sit
414 708 525 794 uirtus.
551 707 585 789 ri.
609 705 689 788 Quae
705 705 781 770 lacit
798 705 967 770 homiuem
984 725 1041 770 re·

32 790 140 856 dorem
164 800 200 860 et
224 797 348 861 bouum
371 794 428 874 sio,
451 797 508 860 sed
534 795 654 860 veritas
679 815 738 878 pro
762 797 890 878 objecto
913 814 994 860 nou.

34 879 204 949 'laudare
233 885 275 949 de
302 905 336 948 se
359 903 438 950 vera
468 884 540 950 sine
570 884 682 950 debita
705 884 968 964 circumstantia,
991 888 1040 950 est

31 969 186 1038 vitiosum.
211 972 300 1039 ldem
324 973 413 1039 dieas
435 974 477 1039 de
501 974 723 1054 publicatione
747 973 882 1056 peceati.

19 1053 66 1124 lrt.
87 1059 117 1128 2.
140 1062 193 1130 An
214 1065 329 1128 veritos
351 1065 395 1129 stt
414 1065 555 1146 specialia
576 1065 687 1130 virtus.
712 1065 747 1148 ri.
771 1063 832 1140 Sto,
857 1062 934 1148 quia
950 1061 985 1128 in
1002 1082 1040 1130 ea

33 1153 69 1212 est
88 1150 237 1234 specialis
261 1153 343 1218 ratio
367 1152 533 1231 bonitatis,
557 1157 595 1217 ut
617 1153 704 1237 signi
727 1153 770 1218 ad
793 1153 971 1237 signatum.

19 1233 68 1304 lrt.
89 1239 119 1308 3.
142 1244 194 1309 An
215 1245 330 1308 veritur
352 1244 396 1307 sit
412 1261 487 1326 poro
504 1244 649 1326 justitio.
673 1245 707 1327 ri.
731 1242 797 1321 Sio,
823 1246 860 1308 ut
881 1241 1041 1306 seouuda-

34 1327 72 1392 ria
92 1331 269 1417 principali
293 1351 421 1398 annexa
446 1333 554 1399 idest
579 1333 732 1417 adaequat
761 1352 827 1397 uon
858 1351 899 1396 ex
929 1330 1041 1397 debito

34 1415 123 1502 legali,
146 1423 206 1487 sed
231 1421 358 1487 morali.

19 1503 69 1605 lu.
89 1509 119 1574 l.
141 1509 194 1578 Aa
216 1514 316 1578 virtus
338 1513 477 1578 ueritatis
501 1513 598 1594 monis
613 1511 792 1578 declinatio
807 1514 919 1577 minos.
937 1511 972 1594 ri.
988 1509 1041 1574 Sic

36 1613 62 1660 ru
83 1600 192 1666 minus
216 1603 342 1666 honum
366 1601 407 1665 de
429 1621 464 1666 se
487 1601 696 1678 affirmando,
715 1606 748 1666 et
764 1604 801 1666 lit
818 1620 896 1666 vere
912 1604 945 1662 et
961 1618 1041 1682 pru-

37 1685 151 1770 denter,
175 1689 253 1774 quia
277 1690 312 1755 in
336 1691 454 1775 majori
477 1694 525 1756 est
547 1690 646 1756 etiam
671 1690 792 1757 miuus.
815 1689 980 1756 Deolinari
1004 1687 1040 1754 in

37 1775 149 1858 ninus,
185 1784 224 1844 ut
258 1784 398 1865 negetur
432 1781 521 1865 quod
550 1780 652 1860 inest,
682 1784 731 1845 est
757 1781 890 1858 falsum,
914 1781 947 1842 et
971 1796 1040 1842 non

36 1863 137 1946 virtus,
162 1868 221 1954 qui
245 1870 369 1953 majora
393 1870 435 1935 de
458 1888 492 1934 se
515 1870 643 1948 dieunt,
667 1889 767 1954 quam
782 1868 860 1948 sint,
876 1872 954 1933 sunt
970 1865 1041 1932 aliis

35 1959 166 2039 onerosi,
202 1959 296 2044 quasi
330 1959 490 2025 excellere
522 1959 602 2025 alios
637 1959 813 2034 violentes;
845 1956 903 2042 qui
930 1960 1042 2022 autem

35 2044 251 2117 uinora'suut
274 2049 419 2134 gratiosi,
443 2047 521 2132 quia
544 2050 819 2117 condescendunt
841 2046 924 2114 aliis.

384 2226 654 2314 oumuoon
716 2181 717 2184 ‘

70 2409 158 2476 De
183 2410 353 2480 vitiis
379 2412 677 2493 oppositis
701 2411 970 2478 veritati.

24 2575 73 2649 Art.
94 2586 121 2654 l.
146 2586 198 2655 Aa
219 2587 406 2655 menducium
429 2607 543 2673 semper
566 2596 737 2672 opponatur
758 2589 896 2656 ueritati.
922 2589 957 2670 ri.
975 2582 1040 2663 Sie,

37 2673 99 2754 quta
120 2679 335 2744 mendacium
358 2679 542 2744 formaliter
565 2683 613 2743 est
642 2679 754 2744 dioere
782 2679 899 2744 falsum
929 2674 1041 2741 animo

38 2759 171 2846 fallendi,
202 2769 291 2852 quod
315 2770 495 2852 opponitur
518 2767 661 2833 veritati.
690 2768 770 2834 ltem
794 2772 886 2832 antus
909 2765 1043 2830 moralis

37 2855 229 2930 specificatur
252 2879 293 2923 ex
316 2860 443 2942 objecto
468 2862 500 2922 et
523 2859 605 2936 tine,
632 2858 689 2940 qui
718 2861 767 2922 est
789 2859 955 2940 objectum
985 2873 1043 2921 vo·

38 2936 174 3025 luntatis,
204 2967 279 3031 quae
310 2953 358 3013 est
387 2947 533 3029 primum
557 2965 695 3012 movens
718 2947 753 3014 in
778 2946 971 3024 moralibuS,
996 2944 1043 3010 sio

38 3036 243 3102 mendacium.
268 3036 347 3102 ltem
371 3037 583 3102 mendacium
607 3039 656 3101 est
678 3040 794 3101 eontra
818 3039 964 3102 mentem
981 3033 1042 3112 ire,

39 3121 62 3180 et
80 3123 121 3188 sio
144 3128 216 3209 eJ'us
239 3126 322 3191 ratio
346 3127 488 3192 sumitur
511 3147 529 3191 a
552 3125 682 3191 formali
711 3125 866 3213 falsitate,
897 3144 971 3208 quae
995 3126 1043 3188 est

39 3215 194 3297 numquis
219 3217 317 3281 habet
340 3217 544 3282 volunlatem
569 3213 715 3292 fallendi,
740 3215 838 3280 otiam
861 3214 888 3278 si
907 3214 1042 3277 fortasse

40 3311 139 3366 verum
175 3305 277 3384 dieat,
308 3306 386 3390 quia
418 3325 486 3371 non
511 3307 559 3370 est
583 3322 700 3369 verum
725 3304 788 3369 nisi
812 3302 1041 3378 materialiter,

41 3386 74 3450 sio
102 3394 160 3476 qui
196 3399 291 3478 putat
324 3395 434 3462 dicere
470 3412 602 3471 verum,
637 3392 718 3458 dioit
740 3393 877 3472 falsum,
902 3411 969 3458 non
994 3393 1044 3453 est

42 3483 234 3550 mendacium
257 3503 316 3550 seu
338 3485 469 3563 falsitas,
493 3485 556 3550 uisi
582 3482 805 3561 materialiter,
829 3482 906 3566 quia
921 3484 1043 3562 praeter

44 3561 262 3656 intentionem,
298 3594 411 3662 aqua
444 3575 582 3641 formale
617 3572 652 3638 iu
672 3573 866 3641 moralibus
901 3571 1043 3636 multum
1156 3597 1158 3600 ·

44 3661 155 3736 renuet.
