2604 4210
433 111 509 160 DIVI
535 110 681 162 THOMAE.

399 333 580 419 Qunsno
608 335 706 404 exul.

279 517 369 581 De
393 519 819 602 temper-aretia,

13 691 70 761 let.
103 693 141 760 l.
171 691 228 760 Aa
253 698 450 776 temperantia
471 698 516 760 sit
535 698 644 762 virtus.
676 697 711 780 n.
736 696 805 775 Sic,
833 697 910 781 quia
935 698 1074 770 inclinat

20 785 223 850 hominem
247 785 289 850 ad
312 784 356 862 id,
379 785 469 869 quod
493 790 541 849 est
562 787 746 851 monadum
771 785 944 864 rationem,
961 787 996 852 id
1012 795 1072 867 est,

21 873 331 951 moderationem,
361 893 435 960 quae
463 873 569 940 virtus
599 894 667 940 nou
692 875 831 940 retrahit
861 877 1030 942 hommem
1053 898 1071 941 a

22 963 342 1040 delectationibus,
369 983 444 1046 que
473 969 553 1029 suunt
585 965 771 1032 secundum
801 965 979 1074 rationem,
1014 967 1072 1034 sed

22 1055 70 1118 ab
98 1054 176 1132 hie,
203 1073 277 1138 quae
299 1057 377 1118 suut
401 1058 517 1118 eontra
542 1053 642 1120 illam

25 1140 233 1208 Perfecta
257 1141 361 1206 virtus
385 1141 612 1225 temperantiae
636 1163 704 1208 non
728 1147 777 1208 est
794 1143 866 1210 siue
883 1143 1070 1227 prudentia,

24 1236 62 1297 et
89 1233 151 1298 sic
178 1231 286 1302 vitiosi
310 1250 378 1303 nori
404 1234 526 1300 habent
543 1233 796 1314 temperantiam
813 1233 983 1311 virtutem,
1012 1238 1070 1302 sed

26 1327 235 1406 operantur
258 1323 328 1404 ejus
351 1325 443 1392 actus
472 1341 513 1386 en
544 1321 759 1388 inclinatione
790 1324 942 1391 naturali.
975 1323 1071 1402 ltem,

27 1410 281 1495 temperantiae
316 1411 494 1493 respondet
528 1411 655 1479 donum
686 1411 830 1492 timoris,
861 1433 927 1499 quo
954 1414 1072 1498 aliquis

29 1503 251 1568 refraenatur
275 1519 292 1564 a
316 1499 589 1566 delectationibus
612 1501 730 1566 caruis.

11 1589 83 1658 Art.
113 1592 152 1658 2.
178 1589 229 1660 Aa
254 1593 453 1675 temperantia
475 1593 517 1656 sit
538 1592 677 1673 spetialis
699 1593 808 1659 uirtus.
836 1593 873 1676 ri.
902 1592 935 1657 Si
964 1612 1071 1662 suma·

32 1687 96 1746 lur
127 1682 164 1745 in
192 1700 312 1764 genere
337 1701 396 1764 pro
419 1699 628 1768 quacumque
651 1681 819 1763 temperie,
844 1685 892 1746 est
908 1683 1071 1766 generalis

34 1771 177 1849 virtus;
200 1773 227 1834 si
251 1775 288 1835 ut
312 1771 468 1834 refraenat
489 1771 672 1852 appetitum
696 1773 738 1836 ab
761 1771 822 1847 hie,
837 1790 912 1854 quae
927 1772 1072 1837 maxime

35 1861 203 1926 alliciunt
226 1859 385 1935 homiues,
409 1865 457 1924 est
480 1859 586 1923 virtus
607 1859 765 1941 specialis.
786 1861 865 1924 item
883 1865 1071 1945 temperan-

37 1950 99 2027 tia,
127 1947 232 2014 etiam
256 1948 289 2012 in
315 1949 483 2013 communi
507 1947 618 2014 diflert
641 1969 660 2013 a
683 1947 889 2026 fortitudine,
912 1951 989 2033 quia
1014 1951 1068 2015 illa

37 2038 193 2104 retrahit
214 2038 396 2120 appetitum
420 2035 553 2117 abhis,
578 2058 651 2121 quae
674 2042 789 2104 eontra
813 2037 976 2104 rationem
1000 2038 1070 2104 alli·

38 2130 153 2204 ciunt,
180 2129 250 2192 nac
272 2127 412 2212 impellit
434 2128 476 2192 ad
498 2127 701 2204 sustinenda,
726 2129 779 2194 vel
795 2128 1016 2214 aggredienda
1033 2150 1071 2196 ea

38 2223 188 2302 propter
212 2236 285 2298 quae
311 2220 407 2282 homo
432 2217 553 2300 refugit
576 2219 702 2283 bonum
726 2218 873 2286 rationis.

38 2305 54 2334 *
78 2305 323 2389 Tranquillitas
346 2306 465 2370 animae
488 2306 564 2371 licet
587 2306 765 2372 conveniat
787 2307 941 2374 omnibus
964 2308 1070 2374 virtu·

40 2398 149 2475 tibae,
174 2399 285 2461 tamen
311 2415 370 2479 per
393 2394 621 2462 excellentiam
646 2398 804 2462 convenit
831 2398 1069 2480 temperantiae,

42 2488 127 2570 quia
164 2487 235 2569 ejus
263 2487 391 2569 objecta
423 2485 566 2550 niaxime
600 2485 750 2568 quictaut
784 2487 944 2552 animum.
974 2487 1069 2566 llam,

43 2575 266 2660 pulchritudo
296 2574 496 2652 excellenter
525 2575 684 2640 convenit
714 2577 956 2660 temperantiam
993 2576 1070 2660 quia

43 2665 81 2730 in
107 2684 148 2732 ea
172 2669 221 2730 est
244 2665 429 2742 moderata,
459 2667 492 2727 et
521 2664 724 2730 conveniens
752 2667 920 2750 proportio
944 2664 979 2729 in
1003 2685 1068 2750 qua

44 2755 200 2822 consistit
223 2754 306 2823 ratio
332 2752 602 2837 pulchritudine,
635 2757 706 2819 tum
735 2757 833 2822 etiam
856 2755 932 2840 qnia
957 2757 1071 2838 praeci·

44 2864 113 2928 pue
138 2843 223 2912 tollit
248 2843 503 2926 turpitudinem.

27 2932 94 3002 Art.
119 2933 152 3001 3.
176 2931 224 2998 An
256 2935 454 3018 temperentia
483 2935 528 2998 sit
558 2935 653 3001 selem
684 2936 766 3002 circe
794 2937 1068 3019 concupiscentiae,

46 3033 76 3092 et
99 3024 322 3092 delectationes.
347 3025 383 3108 il.
406 3023 469 3099 Sic,
494 3028 526 3090 et
549 3023 635 3090 eirca
661 3025 842 3106 tristitiam,
866 3045 939 3110 quae
963 3025 1068 3095 nesei-

48 3121 105 3178 tur
129 3134 172 3180 ex
196 3114 344 3182 absentia
368 3112 510 3178 illarum.

48 3199 359 3286 *Concupiscentia
382 3201 463 3267 dicit
486 3203 646 3285 impetum
676 3203 839 3286 appetitus
866 3205 901 3270 iu
928 3205 1070 3273 delceta-

50 3293 130 3372 bile,
161 3297 196 3357 et
226 3291 388 3359 frenatur
419 3293 655 3374 temperantia,
679 3295 725 3358 sic
748 3295 848 3361 timor
872 3298 1029 3358 retractat
1050 3313 1069 3358 a

53 3382 153 3460 malis,
179 3383 236 3464 qui
260 3385 413 3447 firmatur
436 3401 454 3446 a
476 3383 684 3448 fortitudine.

35 3473 96 3539 Art.
122 3471 153 3538 le.
177 3469 226 3537 An
251 3473 450 3556 temperantia
478 3475 522 3538 sit
548 3472 644 3539 selum
678 3475 761 3540 eirea
794 3474 1067 3556 concupiscentias,

53 3572 81 3628 et
99 3562 313 3630 delectationes
338 3570 443 3628 tectus.
469 3564 503 3645 d.
528 3561 665 3627 Maxime
682 3565 739 3641 sic,
755 3584 820 3647 qua
836 3562 1068 3629 delectationes

53 3653 218 3731 ciborum,
243 3657 276 3718 et
299 3670 519 3718 venereorum
545 3655 624 3719 sunt
653 3654 823 3733 maximae,
858 3656 892 3717 ct
925 3651 1068 3720 manime
