2608 4220
434 502 756 612 INDEX

344 768 664 857 alamannicos
691 772 841 856 nannai

130 989 201 1037 QUAE
219 989 251 1033 lii
269 988 326 1034 iioc
344 989 515 1038 commitem
533 991 652 1040 SUMMAE
667 993 691 1040 S.
709 995 823 1040 ilicum
841 989 1051 1042 encomium

576 1209 607 1253 A

68 1319 205 1368 Absolvere
221 1320 253 1366 ab
270 1320 529 1369 excommunicatione
545 1321 603 1380 quis
618 1327 710 1381 potest.
727 1321 932 1382 Supplementum
954 1326 1053 1382 quaest.
1070 1325 1108 1372 at.

67 1379 244 1426 Abstinentiae
260 1379 351 1435 virtus,
366 1383 389 1436 A,
407 1383 430 1437 A,
447 1390 472 1438 q.
489 1382 541 1427 ite.

67 1438 185 1495 Acceptlo
200 1448 376 1496 personarum,
390 1441 414 1495 2,
430 1441 453 1494 i,
470 1449 495 1496 q.
512 1443 549 1486 63.

68 1497 171 1543 Accidia
186 1496 260 1555 quale
276 1501 415 1554 peccatum,
431 1501 454 1552 i,
466 1500 489 1554 A,
506 1510 530 1556 q.
547 1500 583 1545 35.

68 1557 146 1602 Actus
163 1555 265 1602 immani
282 1555 457 1614 specltlcantur
472 1567 488 1601 a
504 1557 562 1612 line,
579 1561 601 1612 l,
618 1561 641 1610 2,
657 1569 681 1616 q.
700 1562 722 1614 i,
739 1565 763 1606 et
789 1559 890 1618 quando
906 1562 964 1606 aunt
980 1559 1050 1616 boni,
1069 1560 1107 1606 vel

98 1614 171 1669 mall,
188 1626 212 1672 q.
231 1617 267 1670 l8,
284 1619 308 1661 et
325 1615 406 1660 inira:
425 1625 505 1672 aquo
521 1617 686 1674 imperantur,
702 1632 727 1678 q.
749 1621 785 1668 li.

68 1673 201 1720 Accusatio
216 1685 230 1718 a
246 1683 296 1730 quo
313 1673 438 1730 iacienda,
455 1676 628 1732 aliquomodo,
645 1679 786 1734 ecquando
802 1680 840 1721 est
857 1676 932 1731 lusia,
949 1679 972 1733 a,
988 1680 1012 1728 ἢ,
1030 1688 1055 1733 q.
1072 1679 1108 1723 68.

67 1735 207 1838 Aegusam?
222 1732 333 1836 gum&
349 1737 431 1789 potest
455 1743 548 1788 negare
572 1735 715 1791 veritatem,
738 1737 778 1784 vel
805 1734 961 1783 calumniose
980 1745 1007 1780 se
1023 1735 1110 1782 deien-

115 1802 157 1838 ere
200 1824 207 1845 ,
240 1802 288 1848 ,q.
337 1823 343 1837 .

65 1849 136 1954 Adaef
150 1826 280 1907 p'eccatnm
296 1846 373 1908 quale
396 1848 454 1905 iuli,
470 1853 495 1895 ct
517 1851 573 1898 elus
596 1862 686 1910 poena,
709 1858 733 1899 ei
756 1855 872 1912 tentatio,
888 1856 912 1910 t,
928 1854 951 1909 l,
975 1863 999 1911 q.
1016 1854 1070 1910 idi,
1086 1857 1111 1900 et

96 1920 173 1955 anra.

65 1967 191 2014 Adinrare
208 1977 240 2012 an
256 1964 341 2020 liccat,
359 1969 384 2022 2,
399 1968 422 2022 i,
440 1977 464 2024 q.
482 1967 520 2013 90.

65 2026 173 2084 Adoptio
187 2025 248 2083 quid
265 2025 308 2081 sit,
325 2029 350 2071 ct
367 2025 519 2083 quotuplex,
537 2027 639 2084 etquid
655 2034 781 2086 operatur.
799 2030 886 2089 Suppl.
903 2040 928 2088 q.
944 2032 981 2076 57.

63 2086 189 2142 Adoptare
205 2095 237 2130 an
252 2083 387 2130 conveniat
404 2085 463 2140 ileo,
481 2090 506 2131 et
521 2096 554 2132 an
572 2085 686 2134 christus
702 2089 735 2136 sit
750 2090 892 2148 adoptatus,
910 2092 933 2145 3,
949 2100 974 2148 p.
990 2100 1015 2147 q.
1032 2091 1069 2136 ll.

32 2142 42 2162 “
63 2145 184 2191 adoratio
200 2141 288 2190 latriae
305 2141 366 2198 quid
383 2146 430 2198 est,
448 2148 472 2189 et
488 2145 616 2202 quomodo
632 2147 757 2204 iacienda,
772 2151 798 2205 2,
813 2153 837 2205 i,
854 2161 879 2206 q.
896 2151 933 2198 at.

63 2202 197 2249 Adoranda
209 2203 241 2248 da
256 2200 380 2258 quomodo
397 2205 456 2249 sunt
471 2201 595 2258 Christos,
611 2205 730 2263 Trinitas,
746 2207 1012 2265 imago,crux,liaria
1026 2206 1110 2264 Virgo,

91 2261 215 2318 reliquiae
231 2264 386 2311 sanctorum.
401 2263 428 2316 Ι3,
444 2272 498 2317 par.
516 2273 541 2319 q.
558 2265 597 2309 25.

62 2319 181 2372 Adulatio
196 2319 271 2378 quale
287 2323 427 2375 peccatum,
442 2323 466 2374 i,
482 2324 506 2375 i,
523 2332 551 2377 q,
569 2324 622 2368 liii.

62 2379 222 2427 Adulterium
238 2376 299 2436 quid
316 2374 357 2432 sit,
374 2383 398 2424 et
411 2378 486 2435 quale
502 2385 642 2436 peccatum,
659 2386 683 2437 l,
700 2386 723 2440 A,
741 2393 768 2442 (ι.
785 2387 835 2433 iat.

62 2439 205 2485 Advocaius
220 2446 304 2495 quem,
314 2441 339 2482 et
350 2435 432 2493 inqua
443 2447 529 2493 causa,
543 2442 567 2484 et
578 2441 704 2496 quomodo
715 2443 790 2490 debet
799 2443 944 2502 delenderc,
956 2446 980 2501 i,
991 2445 1015 2500 2,
1026 2453 1052 2500 q.
1070 2441 1106 2491 il.

62 2495 207 2554 Acquailtas
223 2493 342 2553 liplcniae
359 2495 384 2542 in
401 2494 457 2551 iege
474 2496 610 2551 servanda,
625 2502 649 2555 2,
665 2503 689 2555 i,
705 2513 730 2558 q.
749 2505 801 2549 litt.

61 2554 204 2602 Aiiahliitas
220 2554 281 2613 quid
298 2553 339 2607 sit,
359 2557 383 2599 et
400 2553 426 2600 in
442 2565 492 2611 quo
508 2554 632 2613 consistit,
648 2561 674 2614 2,
690 2563 714 2616 2,
729 2571 754 2618 q.
771 2565 823 2609 m,

4 2643 5 2652 ,
61 2613 178 2660 Ailioltae
192 2614 260 2660 node
276 2611 397 2669 nascitur,
417 2618 441 2659 et
456 2612 488 2660 ad
505 2624 568 2671 quos
584 2625 612 2662 sc
628 2618 759 2668 extendat.
775 2619 863 2681 suppl.
880 2632 906 2679 q.
922 2622 959 2667 55.

15 2697 18 2706 =
61 2672 172 2719 Ambitio
188 2671 287 2730 qnando
303 2676 341 2717 est
358 2677 495 2728 peccatum,
512 2675 536 2728 2,
553 2676 577 2728 l,
593 2685 618 2732 q.
636 2679 687 2723 iti.

60 2730 187 2787 Amicitia,
204 2741 250 2777 acu
265 2729 401 2776 aiiabilltaa
417 2739 481 2788 quae
497 2730 590 2788 virtus,
606 2737 629 2791 i,
646 2739 672 2793 i,
689 2746 714 2794 q.
731 2739 784 2785 tlt.

61 2793 138 2838 Amor
154 2801 204 2848 qno
219 2791 286 2836 licus
301 2793 379 2845 amat,
396 2800 449 2846 par.
468 2791 490 2844 i,
507 2799 532 2848 q,
549 2792 587 2838 20.
720 2815 739 2854 0

62 2847 272 2955 Amorigumiffllt’
289 2853 313 2894 et
325 2849 350 2894 ln
362 2857 412 2905 qna
423 2851 536 2906 potentia
547 2849 590 2908 sit,
602 2856 626 2899 ct
636 2863 702 2910 quae
713 2853 768 2902 elus
785 2866 873 2913 causa,
885 2860 909 2904 et
917 2855 1031 2911 ellectns,
1044 2858 1067 2912 l,
1077 2858 1102 2913 l,

110 2939 117 2953 .
179 2913 204 2956 et
230 2917 295 2954 nra.

61 2919 216 3072 Anlgeigarnm
229 2974 296 3074 ¹estse,
314 2968 338 3012 et
353 2965 472 3023 cognitio,
488 2964 600 3025 dllectlo,
616 2972 746 3032 perfectio,
762 2973 872 3032 malitia,
895 2983 985 3033 poeno,
1007 2985 1063 3032 por.
1080 2976 1104 3031 i,

92 3037 117 3084 q.
166 3033 212 3081 ,et
239 3036 304 3072 nra.

62 3083 214 3140 Angelorum
225 3082 347 3142 operatio,
357 3081 459 3139 locutio,
471 3082 542 3140 ordo,
553 3085 651 3144 missio,
665 3093 789 3149 custodia,
801 3103 854 3152 par.
868 3094 889 3147 i,
904 3102 928 3149 q.
940 3093 981 3138 iod
992 3096 1017 3137 et
1026 3091 1104 3138 inira.

61 3145 153 3190 Anima
168 3145 229 3202 quid
245 3145 287 3201 sit,
303 3154 356 3202 par.
374 3145 397 3201 l,
412 3153 437 3202 q.
454 3145 493 3201 75,
510 3143 548 3191 cui
567 3144 663 3205 unitur,
679 3159 704 3208 q.
721 3155 759 3210 lt,
777 3153 832 3200 eiua
848 3152 970 3210 potantia.
986 3161 1013 3208 q.
1029 3153 1067 3208 ii,
1080 3154 1105 3198 et

61 3204 292 3320 iinffiff'quomoao
308 3260 443 3318 intelligat,
461 3271 514 3318 par.
532 3267 554 3318 l,
571 3272 596 3321 q.
613 3266 651 3312 8t.

61 3322 166 3368 Animae
182 3325 358 3378 postmortem
374 3328 423 3378 qno
440 3315 563 3368 terantur.
580 3323 667 3427 suppl.
684 3339 709 3387 q.
726 3332 766 3378 69.

61 3381 195 3438 Apostaala
210 3380 271 3440 qnid
287 3384 333 3435 est,
350 3383 374 3425 et
389 3390 422 3425 an
434 3378 509 3425 tollat
525 3381 612 3428 domin
625 3395 677 3441 um,
693 3392 717 3444 a,
733 3394 757 3446 a,
774 3400 800 3447 q.
816 3390 853 3437 il.

62 3439 175 3485 Avaritia
190 3439 265 3498 quale
281 3444 408 3495 peccatum
426 3437 468 3492 sit,
485 3443 509 3483 et
525 3450 590 3496 qnae
607 3442 662 3490 elus
679 3446 747 3495 iliiae
773 3451 788 3494 t
813 3451 827 3494 l
854 3459 870 3506 q
897 3447 949 3495 ile.
