2604 4210
278 141 344 211 3ιο
535 159 582 212 ax
606 157 774 213 saeuum
798 157 974 214 securum

616 387 795 472 oonsrro
819 387 889 458 on.

543 572 635 637 De
666 572 969 639 castitate.

233 748 303 818 Art.
327 749 357 818 l.
380 749 430 817 Ar
453 751 577 818 costitui
598 751 643 816 rit
661 751 771 817 cirins.
800 751 834 834 d.
858 747 920 826 Sic,
942 749 1020 835 quia
1042 745 1293 832 concupiscent

257 841 348 919 tiam,
372 860 446 924 quae
470 840 672 905 admodum
702 840 797 924 pueri
826 844 875 905 est
905 838 1094 917 fraenanda,
1125 838 1284 922 castigat,

256 933 290 994 et
323 929 369 994 sic
400 934 448 994 est
482 929 607 1013 aliquid
634 930 818 995 seeundum
846 927 1008 994 rationem
1033 927 1282 1001 modificatum,

256 1019 292 1083 in
316 1038 382 1103 quo
404 1017 552 1084 consistit
575 1019 658 1084 ratio
682 1019 815 1084 virtutis
840 1022 1002 1084 humanae.

255 1105 271 1136 *
294 1107 375 1173 item
397 1111 446 1173 est
468 1109 504 1173 in
529 1107 639 1174 anima
662 1113 700 1174 ut
724 1107 758 1173 in
782 1111 948 1193 subjecto,
971 1107 1153 1172 sedhabet
1179 1109 1283 1170 mate·

257 1195 340 1262 riam
366 1197 399 1262 in
424 1217 578 1281 corpore,
602 1202 636 1263 et
659 1202 707 1263 est
730 1198 860 1263 habitus
884 1196 1106 1274 voluntarius,
1131 1215 1200 1261 nec
1226 1215 1282 1277 per

256 1286 448 1353 violentiam
471 1287 632 1354 aufertur.
656 1286 746 1366 ltem,
771 1287 805 1351 in
831 1287 1031 1365 infidelibus,
1055 1305 1118 1352 nec
1134 1285 1282 1362 castitas,

258 1396 318 1441 nee
341 1376 404 1440 alla
427 1395 507 1440 vera
530 1377 636 1442 virtus
660 1381 718 1456 est,
742 1375 818 1460 quia
843 1395 910 1441 non
937 1377 1130 1442 referuntur
1154 1375 1201 1440 ad
1226 1375 1283 1439 de·

256 1465 361 1530 bitum
386 1465 497 1543 linem,
522 1484 587 1549 quo
610 1465 718 1532 virtus
741 1465 943 1530 discernitur
966 1486 985 1531 a
1006 1463 1098 1531 vitio·
1115 1462 1212 1544 Item,
1231 1483 1283 1528 ca-

255 1555 346 1619 stitas
369 1559 407 1618 ut
430 1562 585 1637 operatur
608 1556 791 1620 secundum
816 1554 989 1633 rationem,
1014 1557 1061 1620 est
1084 1553 1208 1632 virtus,
1226 1552 1281 1617 sed

256 1647 295 1708 ut
317 1645 416 1709 habet
439 1644 690 1710 delectationem
714 1645 749 1709 iu
772 1664 831 1710 suo
854 1649 941 1723 actu,
964 1645 1012 1709 est
1035 1643 1178 1708 fructus.

236 1732 306 1798 Art.
330 1733 362 1800 2.
385 1732 435 1799 Aa
458 1736 581 1800 restituo
610 1737 656 1800 rit
680 1736 779 1801 virtus
806 1735 968 1818 pererratis.
999 1735 1035 1819 ri.
1064 1731 1205 1816 Proprie
1236 1733 1281 1797 εει

258 1821 405 1904 specialis
438 1828 554 1889 eontra
589 1824 773 1902 luxuriam,
801 1826 858 1888 sed
884 1824 1106 1907 metaphorice
1129 1826 1281 1905 sumpta,

258 1916 307 1976 est
330 1913 501 1996 generalis,
526 1917 559 1977 et
582 1913 705 1979 dicitur
728 1913 856 1978 castitas
879 1912 1068 1996 spiritualiS,
1085 1916 1118 1977 ει
1136 1916 1187 1977 est
1204 1929 1280 1977 eum

258 2020 352 2066 mens
375 2003 557 2082 delectatur
579 2002 738 2087 conjungi
761 2003 844 2081 Deo,
874 2007 907 2067 et
933 2003 1089 2084 abstinet,
1122 2021 1167 2066 ne
1191 2001 1281 2066 dele·

259 2091 422 2155 ctabiliter
438 2092 509 2157 aliis
525 2095 747 2177 conjungatur
763 2097 879 2159 contra
900 2093 1048 2158 debitum
1064 2090 1174 2157 divini
1191 2090 1282 2155 ordi·

257 2181 326 2259 nis;
349 2179 428 2245 hinc
450 2181 615 2266 virginem
638 2187 760 2248 castam
784 2183 941 2247 exhibere
964 2181 1102 2248 Christo.

235 2264 304 2335 Ari.
335 2267 365 2334 3.
394 2272 444 2336 Aa
474 2274 598 2336 ecetitor
631 2274 674 2338 rit
701 2274 801 2338 virtus
834 2273 980 2338 distincta
1013 2270 1050 2337 oi
1080 2269 1280 2337 abstinentia.

260 2359 295 2442 ri.
320 2358 455 2442 Proprie
477 2361 534 2442 sic,
558 2361 635 2445 quia
658 2361 713 2427 illa
736 2367 784 2427 est
807 2361 895 2427 circa
920 2359 1154 2427 delectationes
1177 2379 1280 2424 venc-

259 2466 404 2528 reorum,
428 2452 498 2516 haec
521 2451 683 2529 ciborum,
707 2455 740 2516 et
763 2455 841 2517 suut
864 2451 925 2515 sub
948 2449 1181 2534 temperantia,
1206 2467 1280 2534 quae

258 2537 402 2604 lraenant
436 2540 717 2624 concupiscentias
752 2538 1009 2606 delectationum
1043 2541 1168 2615 tactus,
1204 2539 1279 2604 lieet

260 2628 330 2692 haec
353 2633 516 2712 quantum
545 2631 587 2695 ad
607 2629 771 2714 judicium
794 2649 907 2696 sensus
934 2631 977 2696 de
1000 2627 1217 2714 tangibilibus
1239 2627 1280 2692 sit

259 2715 359 2781 unica
382 2717 499 2799 virtus,
523 2722 579 2785 sed
603 2724 767 2806 quantum
791 2719 832 2786 ad
857 2738 952 2786 nsum
970 2717 1184 2803 tangibilium
1201 2720 1278 2782 suut

257 2806 377 2886 plures.

235 2893 304 2963 Art.
328 2896 359 2964 ι.
388 2897 438 2965 Aa
463 2899 615 2984 pudicitia
647 2901 802 2984 pertineat
834 2900 1004 2984 specialiter
1030 2895 1070 2962 od
1095 2899 1278 2964 caetitatem.

259 2987 293 3068 it.
317 2985 379 3068 Sic,
403 3009 471 3057 non
496 2996 533 3056 ut
556 2991 663 3056 virtus
686 2990 850 3069 distincta,
870 2991 929 3056 sed
944 2993 982 3054 ut
996 2985 1155 3070 exprimit
1171 3007 1278 3073 quau·

259 3077 336 3142 dam
366 3078 647 3147 circumstantiam
677 3079 849 3157 castitatis,
879 3082 912 3143 et
940 3077 1063 3143 dicitur
1090 3079 1278 3160 apudore,

264 3167 299 3234 in
324 3186 391 3250 quo
413 3169 618 3252 significatur
641 3170 852 3248 verecundia,
875 3173 909 3234 et
931 3166 1064 3253 proprie
1086 3165 1127 3232 de
1150 3167 1278 3233 actibus

261 3258 428 3338 venereis,
450 3259 492 3323 de
515 3259 635 3343 quibus
657 3259 807 3325 homines
830 3258 973 3325 maxime
995 3256 1279 3334 verecundantur,

261 3350 299 3412 ut
321 3351 400 3412 sunt
422 3352 570 3431 aspectus
594 3348 790 3432 impudicus,
813 3349 932 3430 oscula,
956 3350 1072 3425 tactus,
1095 3345 1278 3432 circaque

261 3434 364 3520 magis
387 3439 436 3501 est
458 3436 626 3520 pudicitia,
652 3457 729 3508 nam
745 3441 874 3506 castitas
890 3437 992 3527 magis
1007 3439 1056 3506 est
1071 3435 1158 3502 circa
1174 3435 1278 3524 ipsam

266 3523 538 3596 commistionem.
