<?xml version="1.0" encoding="UTF-8"?>
<!DOCTYPE html PUBLIC "-//W3C//DTD XHTML 1.0 Transitional//EN"
    "http://www.w3.org/TR/xhtml1/DTD/xhtml1-transitional.dtd">
<html xmlns="http://www.w3.org/1999/xhtml" xml:lang="en" lang="en">
 <head>
  <title>
</title>
<meta http-equiv="Content-Type" content="text/html;charset=utf-8" />
  <meta name='ocr-system' content='tesseract 3.04.00' />
  <meta name='ocr-capabilities' content='ocr_page ocr_carea ocr_par ocr_line ocrx_word'/>
</head>
<body>
  <div class='ocr_page' id='page_1' title='image "./theologicsummco00thomgoog_0317.png"; bbox 0 0 2622 4210; ppageno 0'>
   <div class='ocr_carea' id='block_1_1' title="bbox 276 93 976 170">
    <p class='ocr_par' dir='ltr' id='par_1_1' title="bbox 276 93 976 170">
     <span class='ocr_line' id='line_1_1' title="bbox 276 93 976 170; baseline 0.006 -6"><span class='ocrx_word' id='word_1_1' title='bbox 276 93 342 165; x_wconf 82' lang='grc'><strong>306</strong></span> <span class='ocrx_word' id='word_1_2' title='bbox 533 111 580 167; x_wconf 80' lang='lat' dir='ltr'><strong>ex</strong></span> <span class='ocrx_word' id='word_1_3' title='bbox 604 113 774 170; x_wconf 82' lang='lat' dir='ltr'><strong>sacuuoa</strong></span> <span class='ocrx_word' id='word_1_4' title='bbox 798 115 976 170; x_wconf 75' lang='lat' dir='ltr'><strong>saeorum</strong></span> 
     </span>
    </p>
   </div>
   <div class='ocr_carea' id='block_1_2' title="bbox 230 251 1301 953">
    <p class='ocr_par' dir='ltr' id='par_1_2' title="bbox 252 251 1301 692">
     <span class='ocr_line' id='line_1_2' title="bbox 253 251 1298 336; baseline 0.004 -20"><span class='ocrx_word' id='word_1_5' title='bbox 253 270 332 316; x_wconf 90' lang='lat' dir='ltr'><strong>nam</strong></span> <span class='ocrx_word' id='word_1_6' title='bbox 356 271 430 335; x_wconf 84' lang='lat' dir='ltr'><strong>quac</strong></span> <span class='ocrx_word' id='word_1_7' title='bbox 453 254 501 318; x_wconf 85' lang='lat' dir='ltr'><strong>est</strong></span> <span class='ocrx_word' id='word_1_8' title='bbox 524 271 584 336; x_wconf 90' lang='lat' dir='ltr'><strong>per</strong></span> <span class='ocrx_word' id='word_1_9' title='bbox 599 253 701 320; x_wconf 86' lang='lat' dir='ltr'><strong>solam</strong></span> <span class='ocrx_word' id='word_1_10' title='bbox 716 251 939 331; x_wconf 90' lang='lat' dir='ltr'><strong>omissionem,</strong></span> <span class='ocrx_word' id='word_1_11' title='bbox 956 257 995 318; x_wconf 96' lang='lat' dir='ltr'><strong>ut</strong></span> <span class='ocrx_word' id='word_1_12' title='bbox 1012 273 1080 320; x_wconf 93' lang='lat' dir='ltr'><strong>non</strong></span> <span class='ocrx_word' id='word_1_13' title='bbox 1098 274 1298 322; x_wconf 74' lang='lat' dir='ltr'><strong>conoscere</strong></span> 
     </span>
     <span class='ocr_line' id='line_1_3' title="bbox 253 341 1298 429; baseline 0.004 -23"><span class='ocrx_word' id='word_1_14' title='bbox 253 341 463 422; x_wconf 87' lang='lat' dir='ltr'><strong>beneficium,</strong></span> <span class='ocrx_word' id='word_1_15' title='bbox 487 362 555 410; x_wconf 92' lang='lat' dir='ltr'><strong>non</strong></span> <span class='ocrx_word' id='word_1_16' title='bbox 579 344 727 427; x_wconf 88' lang='lat' dir='ltr'><strong>laudare,</strong></span> <span class='ocrx_word' id='word_1_17' title='bbox 751 363 820 410; x_wconf 92' lang='lat' dir='ltr'><strong>non</strong></span> <span class='ocrx_word' id='word_1_18' title='bbox 844 347 893 408; x_wconf 87' lang='lat' dir='ltr'><strong>est</strong></span> <span class='ocrx_word' id='word_1_19' title='bbox 918 344 1066 422; x_wconf 75' lang='lat' dir='ltr'>mortale,</span> <span class='ocrx_word' id='word_1_20' title='bbox 1082 345 1166 429; x_wconf 85' lang='lat' dir='ltr'><strong>quia</strong></span> <span class='ocrx_word' id='word_1_21' title='bbox 1187 348 1298 412; x_wconf 93' lang='lat' dir='ltr'><strong>homo</strong></span> 
     </span>
     <span class='ocr_line' id='line_1_4' title="bbox 253 430 1300 514; baseline 0.006 -20"><span class='ocrx_word' id='word_1_22' title='bbox 253 430 296 495; x_wconf 87' lang='lat' dir='ltr'><strong>ad</strong></span> <span class='ocrx_word' id='word_1_23' title='bbox 318 431 488 498; x_wconf 85' lang='lat' dir='ltr'><strong>hominem</strong></span> <span class='ocrx_word' id='word_1_24' title='bbox 517 453 585 500; x_wconf 92' lang='lat' dir='ltr'><strong>non</strong></span> <span class='ocrx_word' id='word_1_25' title='bbox 616 438 748 500; x_wconf 89' lang='lat' dir='ltr'><strong>tenetur</strong></span> <span class='ocrx_word' id='word_1_26' title='bbox 779 433 842 500; x_wconf 90' lang='lat' dir='ltr'><strong>nisi</strong></span> <span class='ocrx_word' id='word_1_27' title='bbox 873 453 914 498; x_wconf 87' lang='lat' dir='ltr'><strong>ex</strong></span> <span class='ocrx_word' id='word_1_28' title='bbox 946 432 1165 514; x_wconf 79' lang='lat' dir='ltr'><strong>liberalitate3</strong></span> <span class='ocrx_word' id='word_1_29' title='bbox 1195 435 1230 500; x_wconf 89' lang='lat' dir='ltr'><strong>si</strong></span> <span class='ocrx_word' id='word_1_30' title='bbox 1258 458 1300 500; x_wconf 85' lang='lat' dir='ltr'><strong>ex</strong></span> 
     </span>
     <span class='ocr_line' id='line_1_5' title="bbox 253 522 1301 607; baseline 0.007 -22"><span class='ocrx_word' id='word_1_31' title='bbox 253 524 461 605; x_wconf 88' lang='lat' dir='ltr'><strong>contemptu,</strong></span> <span class='ocrx_word' id='word_1_32' title='bbox 491 524 561 588; x_wconf 89' lang='lat' dir='ltr'><strong>sive</strong></span> <span class='ocrx_word' id='word_1_33' title='bbox 590 522 625 588; x_wconf 90' lang='lat' dir='ltr'><strong>in</strong></span> <span class='ocrx_word' id='word_1_34' title='bbox 655 524 846 590; x_wconf 79' lang='lat' dir='ltr'><strong>necessitate</strong></span> <span class='ocrx_word' id='word_1_35' title='bbox 876 525 946 607; x_wconf 88' lang='lat' dir='ltr'><strong>ejus</strong></span> <span class='ocrx_word' id='word_1_36' title='bbox 975 523 1029 588; x_wconf 92' lang='lat' dir='ltr'><strong>cui</strong></span> <span class='ocrx_word' id='word_1_37' title='bbox 1053 525 1209 590; x_wconf 91' lang='lat' dir='ltr'><strong>debetur</strong></span> <span class='ocrx_word' id='word_1_38' title='bbox 1239 528 1301 592; x_wconf 90' lang='lat' dir='ltr'><strong>be·</strong></span> 
     </span>
     <span class='ocr_line' id='line_1_6' title="bbox 252 610 665 692; baseline 0.005 -18"><span class='ocrx_word' id='word_1_39' title='bbox 252 610 420 692; x_wconf 88' lang='lat' dir='ltr'><strong>nelicium,</strong></span> <span class='ocrx_word' id='word_1_40' title='bbox 445 617 494 679; x_wconf 88' lang='lat' dir='ltr'><strong>est</strong></span> <span class='ocrx_word' id='word_1_41' title='bbox 517 613 665 679; x_wconf 80' lang='lat' dir='ltr'><strong>mortale.</strong></span> 
     </span>
    </p>

    <p class='ocr_par' dir='ltr' id='par_1_3' title="bbox 230 697 1301 953">
     <span class='ocr_line' id='line_1_7' title="bbox 230 697 1301 788; baseline 0.001 -19"><span class='ocrx_word' id='word_1_42' title='bbox 230 697 299 769; x_wconf 83' lang='lat' dir='ltr'><strong>Art.</strong></span> <span class='ocrx_word' id='word_1_43' title='bbox 323 699 354 770; x_wconf 82' lang='lat' dir='ltr'><strong>l.</strong></span> <span class='ocrx_word' id='word_1_44' title='bbox 377 700 427 769; x_wconf 83' lang='lat' dir='ltr'><strong>An</strong></span> <span class='ocrx_word' id='word_1_45' title='bbox 448 704 582 787; x_wconf 75' lang='lat' dir='ltr'><strong>inpactis</strong></span> <span class='ocrx_word' id='word_1_46' title='bbox 608 706 675 771; x_wconf 80' lang='lat' dir='ltr'><strong>sint</strong></span> <span class='ocrx_word' id='word_1_47' title='bbox 698 703 840 788; x_wconf 77' lang='lat' dir='ltr'><strong>beneficia</strong></span> <span class='ocrx_word' id='word_1_48' title='bbox 867 701 1083 770; x_wconf 75' lang='lat' dir='ltr'><strong>subnotanda.</strong></span> <span class='ocrx_word' id='word_1_49' title='bbox 1119 705 1156 787; x_wconf 71' lang='lat' dir='ltr'><strong>ri.</strong></span> <span class='ocrx_word' id='word_1_50' title='bbox 1196 703 1301 784; x_wconf 90' lang='lat' dir='ltr'><strong>Non,</strong></span> 
     </span>
     <span class='ocr_line' id='line_1_8' title="bbox 252 790 1299 878; baseline 0.005 -23"><span class='ocrx_word' id='word_1_51' title='bbox 252 790 330 876; x_wconf 92' lang='lat' dir='ltr'><strong>quia</strong></span> <span class='ocrx_word' id='word_1_52' title='bbox 352 792 437 858; x_wconf 86' lang='lat' dir='ltr'><strong>forte</strong></span> <span class='ocrx_word' id='word_1_53' title='bbox 459 795 605 862; x_wconf 85' lang='lat' dir='ltr'><strong>secundo</strong></span> <span class='ocrx_word' id='word_1_54' title='bbox 627 797 661 862; x_wconf 89' lang='lat' dir='ltr'><strong>ct</strong></span> <span class='ocrx_word' id='word_1_55' title='bbox 683 794 782 861; x_wconf 87' lang='lat' dir='ltr'><strong>tertio</strong></span> <span class='ocrx_word' id='word_1_56' title='bbox 805 791 870 860; x_wconf 90' lang='lat' dir='ltr'><strong>erit</strong></span> <span class='ocrx_word' id='word_1_57' title='bbox 893 797 1014 878; x_wconf 78' lang='lat' dir='ltr'><strong>gratus,</strong></span> <span class='ocrx_word' id='word_1_58' title='bbox 1041 792 1117 860; x_wconf 89' lang='lat' dir='ltr'><strong>licet</strong></span> <span class='ocrx_word' id='word_1_59' title='bbox 1132 793 1199 860; x_wconf 88' lang='lat' dir='ltr'><strong>ille</strong></span> <span class='ocrx_word' id='word_1_60' title='bbox 1219 814 1299 862; x_wconf 92' lang='lat' dir='ltr'><strong>non</strong></span> 
     </span>
     <span class='ocr_line' id='line_1_9' title="bbox 253 886 431 953; baseline 0.028 -5"><span class='ocrx_word' id='word_1_61' title='bbox 253 886 431 953; x_wconf 83' lang='lat' dir='ltr'><strong>mereatur.</strong></span> 
     </span>
    </p>
   </div>
   <div class='ocr_carea' id='block_1_3' title="bbox 479 1060 1029 1314">
    <p class='ocr_par' dir='ltr' id='par_1_4' title="bbox 479 1060 1029 1314">
     <span class='ocr_line' id='line_1_10' title="bbox 598 1060 906 1149; baseline -0.013 -17"><span class='ocrx_word' id='word_1_62' title='bbox 598 1060 782 1149; x_wconf 80' lang='lat' dir='ltr'><strong>QuAEsuv</strong></span> <span class='ocrx_word' id='word_1_63' title='bbox 804 1061 906 1135; x_wconf 85' lang='lat' dir='ltr'><strong>cvm.</strong></span> 
     </span>
     <span class='ocr_line' id='line_1_11' title="bbox 479 1245 1029 1314; baseline -0.002 -3"><span class='ocrx_word' id='word_1_64' title='bbox 479 1246 572 1311; x_wconf 80' lang='lat' dir='ltr'><strong>De</strong></span> <span class='ocrx_word' id='word_1_65' title='bbox 593 1245 1029 1314; x_wconf 76' lang='lat' dir='ltr'><strong>vindicatione.</strong></span> 
     </span>
    </p>
   </div>
   <div class='ocr_carea' id='block_1_4' title="bbox 227 1416 1301 3625">
    <p class='ocr_par' dir='ltr' id='par_1_5' title="bbox 230 1416 1295 1509">
     <span class='ocr_line' id='line_1_12' title="bbox 230 1416 1295 1509; baseline -0.004 -19"><span class='ocrx_word' id='word_1_66' title='bbox 230 1416 298 1490; x_wconf 79' lang='lat' dir='ltr'><strong>Ara</strong></span> <span class='ocrx_word' id='word_1_67' title='bbox 322 1420 353 1487; x_wconf 92' lang='lat' dir='ltr'><strong>l.</strong></span> <span class='ocrx_word' id='word_1_68' title='bbox 376 1420 426 1490; x_wconf 80' lang='lat' dir='ltr'><strong>An</strong></span> <span class='ocrx_word' id='word_1_69' title='bbox 446 1422 615 1492; x_wconf 76' lang='lat' dir='ltr'><strong>vindicatio</strong></span> <span class='ocrx_word' id='word_1_70' title='bbox 636 1425 681 1492; x_wconf 81' lang='lat' dir='ltr'><strong>ait</strong></span> <span class='ocrx_word' id='word_1_71' title='bbox 702 1426 798 1492; x_wconf 84' lang='lat' dir='ltr'><strong>licito.</strong></span> <span class='ocrx_word' id='word_1_72' title='bbox 824 1425 860 1509; x_wconf 67' lang='lat' dir='ltr'><strong>ii.</strong></span> <span class='ocrx_word' id='word_1_73' title='bbox 883 1423 916 1490; x_wconf 92' lang='lat' dir='ltr'><strong>Si</strong></span> <span class='ocrx_word' id='word_1_74' title='bbox 939 1423 1082 1489; x_wconf 87' lang='lat' dir='ltr'><strong>intentio</strong></span> <span class='ocrx_word' id='word_1_75' title='bbox 1098 1420 1295 1486; x_wconf 84' lang='lat' dir='ltr'><strong>vindican-</strong></span> 
     </span>
    </p>

    <p class='ocr_par' dir='ltr' id='par_1_6' title="bbox 249 1510 1295 2588">
     <span class='ocr_line' id='line_1_13' title="bbox 252 1510 1295 1597; baseline 0.001 -22"><span class='ocrx_word' id='word_1_76' title='bbox 252 1512 294 1576; x_wconf 86' lang='lat' dir='ltr'><strong>tis</strong></span> <span class='ocrx_word' id='word_1_77' title='bbox 317 1512 543 1597; x_wconf 80' lang='lat' dir='ltr'><strong>principaliter</strong></span> <span class='ocrx_word' id='word_1_78' title='bbox 565 1515 691 1582; x_wconf 85' lang='lat' dir='ltr'><strong>ieratur</strong></span> <span class='ocrx_word' id='word_1_79' title='bbox 715 1515 749 1582; x_wconf 91' lang='lat' dir='ltr'><strong>in</strong></span> <span class='ocrx_word' id='word_1_80' title='bbox 775 1517 915 1593; x_wconf 89' lang='lat' dir='ltr'><strong>bonum,</strong></span> <span class='ocrx_word' id='word_1_81' title='bbox 946 1517 985 1578; x_wconf 90' lang='lat' dir='ltr'><strong>ut</strong></span> <span class='ocrx_word' id='word_1_82' title='bbox 1010 1512 1038 1576; x_wconf 91' lang='lat' dir='ltr'><strong>si</strong></span> <span class='ocrx_word' id='word_1_83' title='bbox 1061 1510 1184 1594; x_wconf 78' lang='lat' dir='ltr'><strong>infligit</strong></span> <span class='ocrx_word' id='word_1_84' title='bbox 1212 1531 1295 1592; x_wconf 87' lang='lat' dir='ltr'><strong>poe·</strong></span> 
     </span>
     <span class='ocr_line' id='line_1_14' title="bbox 252 1601 1293 1686; baseline 0 -20"><span class='ocrx_word' id='word_1_85' title='bbox 252 1620 332 1668; x_wconf 88' lang='lat' dir='ltr'><strong>nam</strong></span> <span class='ocrx_word' id='word_1_86' title='bbox 355 1603 397 1669; x_wconf 89' lang='lat' dir='ltr'><strong>ad</strong></span> <span class='ocrx_word' id='word_1_87' title='bbox 420 1605 705 1682; x_wconf 83' lang='lat' dir='ltr'><strong>emendationem,</strong></span> <span class='ocrx_word' id='word_1_88' title='bbox 735 1604 988 1681; x_wconf 86' lang='lat' dir='ltr'><strong>cohibitionem,</strong></span> <span class='ocrx_word' id='word_1_89' title='bbox 1019 1601 1167 1686; x_wconf 83' lang='lat' dir='ltr'><strong>quietem</strong></span> <span class='ocrx_word' id='word_1_90' title='bbox 1200 1601 1293 1666; x_wconf 88' lang='lat' dir='ltr'><strong>alio-</strong></span> 
     </span>
     <span class='ocr_line' id='line_1_15' title="bbox 251 1690 1292 1779; baseline -0.002 -23"><span class='ocrx_word' id='word_1_91' title='bbox 251 1709 343 1773; x_wconf 88' lang='lat' dir='ltr'><strong>rum,</strong></span> <span class='ocrx_word' id='word_1_92' title='bbox 367 1693 652 1760; x_wconf 88' lang='lat' dir='ltr'><strong>conservationem</strong></span> <span class='ocrx_word' id='word_1_93' title='bbox 672 1693 824 1779; x_wconf 85' lang='lat' dir='ltr'><strong>J‘ustitiae,</strong></span> <span class='ocrx_word' id='word_1_94' title='bbox 849 1695 1010 1759; x_wconf 90' lang='lat' dir='ltr'><strong>honorem</strong></span> <span class='ocrx_word' id='word_1_95' title='bbox 1033 1691 1111 1770; x_wconf 84' lang='lat' dir='ltr'><strong>Dei,</strong></span> <span class='ocrx_word' id='word_1_96' title='bbox 1133 1690 1292 1756; x_wconf 83' lang='lat' dir='ltr'><strong>servatis</strong></span> 
     </span>
     <span class='ocr_line' id='line_1_16' title="bbox 251 1779 1291 1865; baseline -0.002 -17"><span class='ocrx_word' id='word_1_97' title='bbox 251 1780 521 1865; x_wconf 84' lang='lat' dir='ltr'><strong>circumstantiis,</strong></span> <span class='ocrx_word' id='word_1_98' title='bbox 552 1789 602 1850; x_wconf 87' lang='lat' dir='ltr'><strong>est</strong></span> <span class='ocrx_word' id='word_1_99' title='bbox 629 1783 734 1864; x_wconf 88' lang='lat' dir='ltr'><strong>licita;</strong></span> <span class='ocrx_word' id='word_1_100' title='bbox 761 1784 790 1848; x_wconf 90' lang='lat' dir='ltr'><strong>si</strong></span> <span class='ocrx_word' id='word_1_101' title='bbox 820 1783 962 1848; x_wconf 87' lang='lat' dir='ltr'><strong>intentio</strong></span> <span class='ocrx_word' id='word_1_102' title='bbox 991 1783 1118 1848; x_wconf 84' lang='lat' dir='ltr'><strong>feratur</strong></span> <span class='ocrx_word' id='word_1_103' title='bbox 1140 1779 1180 1846; x_wconf 93' lang='lat' dir='ltr'><strong>iu</strong></span> <span class='ocrx_word' id='word_1_104' title='bbox 1209 1800 1291 1846; x_wconf 88' lang='lat' dir='ltr'><strong>ma·</strong></span> 
     </span>
     <span class='ocr_line' id='line_1_17' title="bbox 251 1869 1290 1959; baseline -0.001 -24"><span class='ocrx_word' id='word_1_105' title='bbox 251 1869 322 1938; x_wconf 94' lang='lat' dir='ltr'><strong>lum</strong></span> <span class='ocrx_word' id='word_1_106' title='bbox 349 1875 419 1958; x_wconf 81' lang='lat' dir='ltr'><strong>eJ‘us</strong></span> <span class='ocrx_word' id='word_1_107' title='bbox 447 1875 490 1940; x_wconf 90' lang='lat' dir='ltr'><strong>de</strong></span> <span class='ocrx_word' id='word_1_108' title='bbox 517 1893 583 1959; x_wconf 92' lang='lat' dir='ltr'><strong>quo</strong></span> <span class='ocrx_word' id='word_1_109' title='bbox 612 1874 797 1940; x_wconf 86' lang='lat' dir='ltr'><strong>vindictam</strong></span> <span class='ocrx_word' id='word_1_110' title='bbox 825 1873 943 1951; x_wconf 89' lang='lat' dir='ltr'><strong>sumit,</strong></span> <span class='ocrx_word' id='word_1_111' title='bbox 966 1875 1014 1938; x_wconf 89' lang='lat' dir='ltr'><strong>est</strong></span> <span class='ocrx_word' id='word_1_112' title='bbox 1038 1869 1173 1951; x_wconf 86' lang='lat' dir='ltr'><strong>illicita,</strong></span> <span class='ocrx_word' id='word_1_113' title='bbox 1198 1869 1290 1955; x_wconf 84' lang='lat' dir='ltr'><strong>quia</strong></span> 
     </span>
     <span class='ocr_line' id='line_1_18' title="bbox 250 1959 1291 2115; baseline -0.005 -86"><span class='ocrx_word' id='word_1_114' title='bbox 250 1966 301 2115; x_wconf 43' lang='lat' dir='ltr'><strong>{st</strong></span> <span class='ocrx_word' id='word_1_115' title='bbox 329 1963 443 2030; x_wconf 94' lang='lat' dir='ltr'><strong>odium</strong></span> <span class='ocrx_word' id='word_1_116' title='bbox 473 1968 589 2032; x_wconf 87' lang='lat' dir='ltr'><strong>contra</strong></span> <span class='ocrx_word' id='word_1_117' title='bbox 618 1963 829 2044; x_wconf 86' lang='lat' dir='ltr'><strong>charitatem,</strong></span> <span class='ocrx_word' id='word_1_118' title='bbox 857 1961 986 2030; x_wconf 86' lang='lat' dir='ltr'><strong>etiamsi</strong></span> <span class='ocrx_word' id='word_1_119' title='bbox 1014 1961 1137 2046; x_wconf 73' lang='lat' dir='ltr'><strong>iniuste</strong></span> <span class='ocrx_word' id='word_1_120' title='bbox 1160 1959 1209 2026; x_wconf 89' lang='lat' dir='ltr'><strong>sit</strong></span> <span class='ocrx_word' id='word_1_121' title='bbox 1235 1960 1291 2026; x_wconf 87' lang='lat' dir='ltr'><strong>oi·</strong></span> 
     </span>
     <span class='ocr_line' id='line_1_19' title="bbox 266 2071 374 2120; baseline 0.019 -2"><span class='ocrx_word' id='word_1_122' title='bbox 266 2071 374 2120; x_wconf 87' lang='lat' dir='ltr'><strong>ensus.</strong></span> 
     </span>
     <span class='ocr_line' id='line_1_20' title="bbox 250 2137 1288 2228; baseline -0.003 -18"><span class='ocrx_word' id='word_1_123' title='bbox 250 2137 267 2172; x_wconf 85' lang='lat'><strong>*</strong></span> <span class='ocrx_word' id='word_1_124' title='bbox 288 2143 429 2227; x_wconf 81' lang='lat' dir='ltr'><strong>Quando</strong></span> <span class='ocrx_word' id='word_1_125' title='bbox 452 2143 630 2212; x_wconf 86' lang='lat' dir='ltr'><strong>multitudo</strong></span> <span class='ocrx_word' id='word_1_126' title='bbox 654 2146 778 2228; x_wconf 89' lang='lat' dir='ltr'><strong>peccat,</strong></span> <span class='ocrx_word' id='word_1_127' title='bbox 801 2163 870 2211; x_wconf 92' lang='lat' dir='ltr'><strong>non</strong></span> <span class='ocrx_word' id='word_1_128' title='bbox 895 2161 1010 2210; x_wconf 88' lang='lat' dir='ltr'><strong>omnes</strong></span> <span class='ocrx_word' id='word_1_129' title='bbox 1026 2139 1203 2226; x_wconf 87' lang='lat' dir='ltr'><strong>puniendi,</strong></span> <span class='ocrx_word' id='word_1_130' title='bbox 1222 2141 1288 2207; x_wconf 89' lang='lat' dir='ltr'><strong>sed</strong></span> 
     </span>
     <span class='ocr_line' id='line_1_21' title="bbox 250 2232 1287 2318; baseline -0.004 -19"><span class='ocrx_word' id='word_1_131' title='bbox 250 2232 517 2317; x_wconf 91' lang='lat' dir='ltr'><strong>principaliores;</strong></span> <span class='ocrx_word' id='word_1_132' title='bbox 554 2238 587 2301; x_wconf 90' lang='lat' dir='ltr'><strong>et</strong></span> <span class='ocrx_word' id='word_1_133' title='bbox 620 2234 648 2300; x_wconf 92' lang='lat' dir='ltr'><strong>si</strong></span> <span class='ocrx_word' id='word_1_134' title='bbox 676 2233 796 2318; x_wconf 87' lang='lat' dir='ltr'><strong>aliqui,</strong></span> <span class='ocrx_word' id='word_1_135' title='bbox 826 2235 859 2298; x_wconf 87' lang='lat' dir='ltr'><strong>et</strong></span> <span class='ocrx_word' id='word_1_136' title='bbox 889 2232 1101 2313; x_wconf 87' lang='lat' dir='ltr'><strong>nesciuntur,</strong></span> <span class='ocrx_word' id='word_1_137' title='bbox 1131 2249 1203 2296; x_wconf 93' lang='lat' dir='ltr'><strong>non</strong></span> <span class='ocrx_word' id='word_1_138' title='bbox 1233 2235 1287 2296; x_wconf 86' lang='lat' dir='ltr'><strong>cst</strong></span> 
     </span>
     <span class='ocr_line' id='line_1_22' title="bbox 249 2320 1287 2409; baseline -0.005 -21"><span class='ocrx_word' id='word_1_139' title='bbox 249 2323 456 2391; x_wconf 83' lang='lat' dir='ltr'><strong>saeviendum</strong></span> <span class='ocrx_word' id='word_1_140' title='bbox 463 2345 472 2406; x_wconf 89' lang='lat'>;</span> <span class='ocrx_word' id='word_1_141' title='bbox 496 2323 523 2390; x_wconf 87' lang='lat' dir='ltr'><strong>si</strong></span> <span class='ocrx_word' id='word_1_142' title='bbox 547 2327 717 2409; x_wconf 89' lang='lat' dir='ltr'><strong>peccatum</strong></span> <span class='ocrx_word' id='word_1_143' title='bbox 741 2322 901 2407; x_wconf 92' lang='lat' dir='ltr'><strong>principis</strong></span> <span class='ocrx_word' id='word_1_144' title='bbox 922 2322 994 2390; x_wconf 90' lang='lat' dir='ltr'><strong>sine</strong></span> <span class='ocrx_word' id='word_1_145' title='bbox 1015 2320 1172 2390; x_wconf 80' lang='lat' dir='ltr'><strong>scandalo</strong></span> <span class='ocrx_word' id='word_1_146' title='bbox 1188 2321 1287 2387; x_wconf 92' lang='lat' dir='ltr'><strong>mul·</strong></span> 
     </span>
     <span class='ocr_line' id='line_1_23' title="bbox 251 2408 1284 2499; baseline -0.003 -21"><span class='ocrx_word' id='word_1_147' title='bbox 251 2411 404 2482; x_wconf 87' lang='lat' dir='ltr'><strong>titudinis</strong></span> <span class='ocrx_word' id='word_1_148' title='bbox 427 2414 541 2499; x_wconf 89' lang='lat' dir='ltr'><strong>puniri</strong></span> <span class='ocrx_word' id='word_1_149' title='bbox 566 2434 634 2481; x_wconf 91' lang='lat' dir='ltr'><strong>non</strong></span> <span class='ocrx_word' id='word_1_150' title='bbox 658 2416 773 2497; x_wconf 86' lang='lat' dir='ltr'><strong>potest,</strong></span> <span class='ocrx_word' id='word_1_151' title='bbox 798 2413 1008 2484; x_wconf 88' lang='lat' dir='ltr'><strong>tolerandum</strong></span> <span class='ocrx_word' id='word_1_152' title='bbox 1031 2415 1091 2491; x_wconf 87' lang='lat' dir='ltr'><strong>est,</strong></span> <span class='ocrx_word' id='word_1_153' title='bbox 1108 2408 1173 2478; x_wconf 83' lang='lat' dir='ltr'><strong>nisi</strong></span> <span class='ocrx_word' id='word_1_154' title='bbox 1189 2410 1284 2478; x_wconf 84' lang='lat' dir='ltr'><strong>torte</strong></span> 
     </span>
     <span class='ocr_line' id='line_1_24' title="bbox 250 2503 804 2588; baseline -0.004 -20"><span class='ocrx_word' id='word_1_155' title='bbox 250 2508 423 2586; x_wconf 89' lang='lat' dir='ltr'><strong>peccatum</strong></span> <span class='ocrx_word' id='word_1_156' title='bbox 446 2505 489 2570; x_wconf 88' lang='lat' dir='ltr'><strong>sit</strong></span> <span class='ocrx_word' id='word_1_157' title='bbox 512 2507 617 2588; x_wconf 86' lang='lat' dir='ltr'><strong>majus</strong></span> <span class='ocrx_word' id='word_1_158' title='bbox 640 2503 804 2570; x_wconf 87' lang='lat' dir='ltr'><strong>scandalo.</strong></span> 
     </span>
    </p>

    <p class='ocr_par' dir='ltr' id='par_1_7' title="bbox 227 2589 1301 2938">
     <span class='ocr_line' id='line_1_25' title="bbox 227 2589 1301 2678; baseline -0.004 -18"><span class='ocrx_word' id='word_1_159' title='bbox 227 2589 296 2660; x_wconf 79' lang='lat' dir='ltr'><strong>Art.</strong></span> <span class='ocrx_word' id='word_1_160' title='bbox 319 2593 351 2662; x_wconf 78' lang='lat'><strong>2.</strong></span> <span class='ocrx_word' id='word_1_161' title='bbox 374 2593 425 2662; x_wconf 80' lang='lat' dir='ltr'><strong>An</strong></span> <span class='ocrx_word' id='word_1_162' title='bbox 446 2594 614 2662; x_wconf 72' lang='lat' dir='ltr'><strong>vindicatio</strong></span> <span class='ocrx_word' id='word_1_163' title='bbox 636 2595 679 2659; x_wconf 83' lang='lat' dir='ltr'><strong>vit</strong></span> <span class='ocrx_word' id='word_1_164' title='bbox 699 2593 838 2677; x_wconf 81' lang='lat' dir='ltr'><strong>specialis</strong></span> <span class='ocrx_word' id='word_1_165' title='bbox 859 2595 969 2661; x_wconf 81' lang='lat' dir='ltr'><strong>virtvv.</strong></span> <span class='ocrx_word' id='word_1_166' title='bbox 996 2594 1032 2678; x_wconf 70' lang='lat' dir='ltr'><strong>ii.</strong></span> <span class='ocrx_word' id='word_1_167' title='bbox 1049 2591 1112 2672; x_wconf 87' lang='lat' dir='ltr'><strong>Sic,</strong></span> <span class='ocrx_word' id='word_1_168' title='bbox 1129 2589 1210 2676; x_wconf 86' lang='lat' dir='ltr'><strong>quia</strong></span> <span class='ocrx_word' id='word_1_169' title='bbox 1230 2595 1301 2673; x_wconf 64' lang='lat' dir='ltr'><strong>est.</strong></span> 
     </span>
     <span class='ocr_line' id='line_1_26' title="bbox 249 2680 1282 2769; baseline -0.004 -19"><span class='ocrx_word' id='word_1_170' title='bbox 249 2703 326 2768; x_wconf 89' lang='lat' dir='ltr'><strong>pars</strong></span> <span class='ocrx_word' id='word_1_171' title='bbox 345 2684 498 2768; x_wconf 83' lang='lat' dir='ltr'><strong>justitiae,</strong></span> <span class='ocrx_word' id='word_1_172' title='bbox 523 2686 556 2749; x_wconf 86' lang='lat' dir='ltr'><strong>et</strong></span> <span class='ocrx_word' id='word_1_173' title='bbox 578 2684 657 2769; x_wconf 86' lang='lat' dir='ltr'><strong>quia</strong></span> <span class='ocrx_word' id='word_1_174' title='bbox 680 2683 792 2750; x_wconf 89' lang='lat' dir='ltr'><strong>debito</strong></span> <span class='ocrx_word' id='word_1_175' title='bbox 822 2686 920 2751; x_wconf 92' lang='lat' dir='ltr'><strong>modo</strong></span> <span class='ocrx_word' id='word_1_176' title='bbox 943 2682 1029 2750; x_wconf 93' lang='lat' dir='ltr'><strong>tollit</strong></span> <span class='ocrx_word' id='word_1_177' title='bbox 1052 2680 1282 2764; x_wconf 87' lang='lat' dir='ltr'><strong>impedimen·</strong></span> 
     </span>
     <span class='ocr_line' id='line_1_27' title="bbox 251 2770 1299 2864; baseline -0.002 -26"><span class='ocrx_word' id='word_1_178' title='bbox 251 2777 324 2839; x_wconf 91' lang='lat' dir='ltr'><strong>tum</strong></span> <span class='ocrx_word' id='word_1_179' title='bbox 348 2793 391 2840; x_wconf 90' lang='lat' dir='ltr'><strong>ne</strong></span> <span class='ocrx_word' id='word_1_180' title='bbox 414 2773 547 2858; x_wconf 76' lang='lat' dir='ltr'><strong>iniuriae</strong></span> <span class='ocrx_word' id='word_1_181' title='bbox 570 2773 768 2853; x_wconf 85' lang='lat' dir='ltr'><strong>interantur,</strong></span> <span class='ocrx_word' id='word_1_182' title='bbox 792 2773 845 2839; x_wconf 93' lang='lat' dir='ltr'><strong>vel</strong></span> <span class='ocrx_word' id='word_1_183' title='bbox 869 2775 949 2840; x_wconf 90' lang='lat' dir='ltr'><strong>dum</strong></span> <span class='ocrx_word' id='word_1_184' title='bbox 972 2771 1078 2838; x_wconf 89' lang='lat' dir='ltr'><strong>illatas</strong></span> <span class='ocrx_word' id='word_1_185' title='bbox 1100 2770 1299 2864; x_wconf 44' lang='lat' dir='ltr'><strong>ulciscitur¹</strong></span> 
     </span>
     <span class='ocr_line' id='line_1_28' title="bbox 251 2868 1298 2938; baseline 0 -10"><span class='ocrx_word' id='word_1_186' title='bbox 251 2869 402 2932; x_wconf 89' lang='lat' dir='ltr'><strong>removet</strong></span> <span class='ocrx_word' id='word_1_187' title='bbox 425 2868 636 2930; x_wconf 82' lang='lat' dir='ltr'><strong>nocumenta.</strong></span> <span class='ocrx_word' id='word_1_188' title='bbox 1297 2931 1298 2938; x_wconf 7' lang='grc' dir='ltr'>χ</span> 
     </span>
    </p>

    <p class='ocr_par' dir='ltr' id='par_1_8' title="bbox 229 2939 1298 3248">
     <span class='ocr_line' id='line_1_29' title="bbox 229 2948 1278 3039; baseline -0.002 -20"><span class='ocrx_word' id='word_1_189' title='bbox 229 2948 298 3020; x_wconf 78' lang='lat' dir='ltr'><strong>Art.</strong></span> <span class='ocrx_word' id='word_1_190' title='bbox 314 2952 345 3020; x_wconf 84' lang='lat'><strong>3.</strong></span> <span class='ocrx_word' id='word_1_191' title='bbox 369 2952 418 3022; x_wconf 84' lang='lat' dir='ltr'><strong>An</strong></span> <span class='ocrx_word' id='word_1_192' title='bbox 439 2953 607 3022; x_wconf 81' lang='lat' dir='ltr'><strong>vindicatio</strong></span> <span class='ocrx_word' id='word_1_193' title='bbox 630 2952 733 3021; x_wconf 65' lang='lat' dir='ltr'><strong>micat</strong></span> <span class='ocrx_word' id='word_1_194' title='bbox 753 2955 823 3037; x_wconf 78' lang='lat' dir='ltr'><strong>ficri</strong></span> <span class='ocrx_word' id='word_1_195' title='bbox 843 2974 898 3038; x_wconf 79' lang='lat' dir='ltr'><strong>per</strong></span> <span class='ocrx_word' id='word_1_196' title='bbox 917 2971 1022 3039; x_wconf 82' lang='lat' dir='ltr'><strong>pcaoc</strong></span> <span class='ocrx_word' id='word_1_197' title='bbox 1039 2951 1120 3038; x_wconf 88' lang='lat' dir='ltr'><strong>apvd</strong></span> <span class='ocrx_word' id='word_1_198' title='bbox 1133 2953 1278 3020; x_wconf 76' lang='lat' dir='ltr'><strong>tunimo</strong></span> 
     </span>
     <span class='ocr_line' id='line_1_30' title="bbox 251 3042 1278 3132; baseline -0.002 -22"><span class='ocrx_word' id='word_1_199' title='bbox 251 3051 417 3112; x_wconf 79' lang='lat' dir='ltr'><strong>concoctos.</strong></span> <span class='ocrx_word' id='word_1_200' title='bbox 442 3046 479 3128; x_wconf 68' lang='lat' dir='ltr'><strong>ri.</strong></span> <span class='ocrx_word' id='word_1_201' title='bbox 501 3043 570 3125; x_wconf 90' lang='lat' dir='ltr'><strong>Sic,</strong></span> <span class='ocrx_word' id='word_1_202' title='bbox 594 3045 673 3129; x_wconf 87' lang='lat' dir='ltr'><strong>quia</strong></span> <span class='ocrx_word' id='word_1_203' title='bbox 695 3042 780 3109; x_wconf 91' lang='lat' dir='ltr'><strong>tollit</strong></span> <span class='ocrx_word' id='word_1_204' title='bbox 803 3063 878 3128; x_wconf 86' lang='lat' dir='ltr'><strong>quae</strong></span> <span class='ocrx_word' id='word_1_205' title='bbox 901 3043 1128 3132; x_wconf 59' lang='lat' dir='ltr'><strong>homolamat,</strong></span> <span class='ocrx_word' id='word_1_206' title='bbox 1158 3046 1198 3108; x_wconf 93' lang='lat' dir='ltr'><strong>ut</strong></span> <span class='ocrx_word' id='word_1_207' title='bbox 1222 3043 1278 3108; x_wconf 92' lang='lat' dir='ltr'><strong>vi·</strong></span> 
     </span>
     <span class='ocr_line' id='line_1_31' title="bbox 250 3135 1295 3248; baseline -0.004 -48"><span class='ocrx_word' id='word_1_208' title='bbox 250 3135 330 3212; x_wconf 90' lang='lat' dir='ltr'><strong>tam,</strong></span> <span class='ocrx_word' id='word_1_209' title='bbox 353 3135 452 3212; x_wconf 89' lang='lat' dir='ltr'><strong>bona,</strong></span> <span class='ocrx_word' id='word_1_210' title='bbox 475 3135 538 3199; x_wconf 84' lang='lat' dir='ltr'><strong>etc.</strong></span> <span class='ocrx_word' id='word_1_211' title='bbox 1293 3169 1295 3248; x_wconf 67' lang='grc'>1</span> 
     </span>
    </p>

    <p class='ocr_par' dir='ltr' id='par_1_9' title="bbox 227 3220 1294 3625">
     <span class='ocr_line' id='line_1_32' title="bbox 227 3220 1278 3308; baseline -0.001 -17"><span class='ocrx_word' id='word_1_212' title='bbox 227 3220 297 3291; x_wconf 79' lang='lat' dir='ltr'><strong>Art.</strong></span> <span class='ocrx_word' id='word_1_213' title='bbox 320 3221 352 3291; x_wconf 81' lang='lat' dir='ltr'><strong>l.</strong></span> <span class='ocrx_word' id='word_1_214' title='bbox 374 3221 424 3290; x_wconf 81' lang='lat' dir='ltr'><strong>An</strong></span> <span class='ocrx_word' id='word_1_215' title='bbox 445 3221 582 3290; x_wconf 85' lang='lat' dir='ltr'><strong>vindicta</strong></span> <span class='ocrx_word' id='word_1_216' title='bbox 602 3224 648 3289; x_wconf 82' lang='lat' dir='ltr'><strong>vit</strong></span> <span class='ocrx_word' id='word_1_217' title='bbox 666 3223 832 3291; x_wconf 73' lang='lat' dir='ltr'><strong>cvnvcndo</strong></span> <span class='ocrx_word' id='word_1_218' title='bbox 853 3226 890 3291; x_wconf 91' lang='lat' dir='ltr'><strong>in</strong></span> <span class='ocrx_word' id='word_1_219' title='bbox 913 3242 972 3306; x_wconf 83' lang='lat' dir='ltr'><strong>cos,</strong></span> <span class='ocrx_word' id='word_1_220' title='bbox 991 3225 1046 3308; x_wconf 79' lang='lat' dir='ltr'><strong>ani</strong></span> <span class='ocrx_word' id='word_1_221' title='bbox 1061 3223 1278 3290; x_wconf 79' lang='lat' dir='ltr'><strong>involuntario</strong></span> 
     </span>
     <span class='ocr_line' id='line_1_33' title="bbox 246 3312 1293 3433; baseline 0 -53"><span class='ocrx_word' id='word_1_222' title='bbox 246 3320 453 3399; x_wconf 79' lang='lat' dir='ltr'><strong>peccaverant.</strong></span> <span class='ocrx_word' id='word_1_223' title='bbox 479 3315 514 3398; x_wconf 70' lang='lat' dir='ltr'><strong>rt.</strong></span> <span class='ocrx_word' id='word_1_224' title='bbox 537 3312 604 3380; x_wconf 92' lang='lat' dir='ltr'><strong>Sub</strong></span> <span class='ocrx_word' id='word_1_225' title='bbox 628 3313 755 3381; x_wconf 88' lang='lat' dir='ltr'><strong>ratione</strong></span> <span class='ocrx_word' id='word_1_226' title='bbox 779 3333 897 3397; x_wconf 84' lang='lat' dir='ltr'><strong>poenae,</strong></span> <span class='ocrx_word' id='word_1_227' title='bbox 922 3333 1002 3394; x_wconf 92' lang='lat' dir='ltr'><strong>non,</strong></span> <span class='ocrx_word' id='word_1_228' title='bbox 1026 3314 1104 3398; x_wconf 89' lang='lat' dir='ltr'><strong>quia</strong></span> <span class='ocrx_word' id='word_1_229' title='bbox 1124 3332 1193 3380; x_wconf 92' lang='lat' dir='ltr'><strong>non</strong></span> <span class='ocrx_word' id='word_1_230' title='bbox 1210 3315 1278 3380; x_wconf 86' lang='lat' dir='ltr'><strong>dc·</strong></span> <span class='ocrx_word' id='word_1_231' title='bbox 1289 3359 1293 3433; x_wconf 67' lang='lat' dir='ltr'><strong>i</strong></span> 
     </span>
     <span class='ocr_line' id='line_1_34' title="bbox 250 3401 1292 3529; baseline -0.003 -58"><span class='ocrx_word' id='word_1_232' title='bbox 250 3405 390 3486; x_wconf 88' lang='lat' dir='ltr'><strong>beatur,</strong></span> <span class='ocrx_word' id='word_1_233' title='bbox 426 3401 489 3469; x_wconf 89' lang='lat' dir='ltr'><strong>nisi</strong></span> <span class='ocrx_word' id='word_1_234' title='bbox 518 3403 676 3486; x_wconf 86' lang='lat' dir='ltr'><strong>peccatis,</strong></span> <span class='ocrx_word' id='word_1_235' title='bbox 704 3403 762 3470; x_wconf 86' lang='lat' dir='ltr'><strong>sed</strong></span> <span class='ocrx_word' id='word_1_236' title='bbox 790 3406 854 3470; x_wconf 88' lang='lat' dir='ltr'><strong>sub</strong></span> <span class='ocrx_word' id='word_1_237' title='bbox 876 3402 1005 3471; x_wconf 88' lang='lat' dir='ltr'><strong>ratione</strong></span> <span class='ocrx_word' id='word_1_238' title='bbox 1028 3422 1136 3486; x_wconf 82' lang='lat' dir='ltr'><strong>poenae</strong></span> <span class='ocrx_word' id='word_1_239' title='bbox 1160 3406 1198 3470; x_wconf 92' lang='lat' dir='ltr'><strong>ut</strong></span> <span class='ocrx_word' id='word_1_240' title='bbox 1222 3409 1292 3529; x_wconf 42' lang='lat' dir='ltr'><strong>est!</strong></span> 
     </span>
     <span class='ocr_line' id='line_1_35' title="bbox 247 3491 1291 3625; baseline 0.002 -65"><span class='ocrx_word' id='word_1_241' title='bbox 247 3491 415 3562; x_wconf 84' lang='lat' dir='ltr'><strong>medicina</strong></span> <span class='ocrx_word' id='word_1_242' title='bbox 437 3493 672 3578; x_wconf 81' lang='lat' dir='ltr'><strong>praeservativa</strong></span> <span class='ocrx_word' id='word_1_243' title='bbox 694 3514 714 3560; x_wconf 89' lang='lat' dir='ltr'><strong>a</strong></span> <span class='ocrx_word' id='word_1_244' title='bbox 736 3495 839 3576; x_wconf 90' lang='lat' dir='ltr'><strong>malo,</strong></span> <span class='ocrx_word' id='word_1_245' title='bbox 869 3495 922 3560; x_wconf 91' lang='lat' dir='ltr'><strong>vel</strong></span> <span class='ocrx_word' id='word_1_246' title='bbox 949 3493 1122 3564; x_wconf 82' lang='lat' dir='ltr'><strong>inductiva</strong></span> <span class='ocrx_word' id='word_1_247' title='bbox 1145 3494 1188 3562; x_wconf 84' lang='lat' dir='ltr'><strong>ed</strong></span> <span class='ocrx_word' id='word_1_248' title='bbox 1213 3495 1291 3625; x_wconf 53' lang='lat' dir='ltr'><strong>wi</strong></span> 
     </span>
    </p>
   </div>
   <div class='ocr_carea' id='block_1_5' title="bbox 248 3583 1290 3719">
    <p class='ocr_par' dir='ltr' id='par_1_10' title="bbox 248 3583 1290 3719">
     <span class='ocr_line' id='line_1_36' title="bbox 248 3583 1290 3719; baseline 0 -65"><span class='ocrx_word' id='word_1_249' title='bbox 248 3601 343 3668; x_wconf 83' lang='lat' dir='ltr'><strong>num,</strong></span> <span class='ocrx_word' id='word_1_250' title='bbox 365 3585 424 3655; x_wconf 81' lang='lat' dir='ltr'><strong>sed</strong></span> <span class='ocrx_word' id='word_1_251' title='bbox 445 3583 519 3654; x_wconf 86' lang='lat' dir='ltr'><strong>sinc</strong></span> <span class='ocrx_word' id='word_1_252' title='bbox 539 3585 647 3674; x_wconf 78' lang='lat' dir='ltr'><strong>caupo,</strong></span> <span class='ocrx_word' id='word_1_253' title='bbox 670 3603 740 3655; x_wconf 91' lang='lat' dir='ltr'><strong>uon</strong></span> <span class='ocrx_word' id='word_1_254' title='bbox 763 3585 836 3656; x_wconf 85' lang='lat' dir='ltr'><strong>siue</strong></span> <span class='ocrx_word' id='word_1_255' title='bbox 858 3601 964 3654; x_wconf 81' lang='lat' dir='ltr'><strong>causa</strong></span> <span class='ocrx_word' id='word_1_256' title='bbox 1288 3629 1290 3719; x_wconf 51' lang='lat'>4</span> 
     </span>
    </p>
   </div>
   <div class='ocr_carea' id='block_1_6' title="bbox 0 0 1316 4210">
    <p class='ocr_par' dir='ltr' id='par_1_11' title="bbox 0 0 1316 4210">
     <span class='ocr_line' id='line_1_37' title="bbox 0 0 1316 4210; baseline 0 2"><span class='ocrx_word' id='word_1_257' title='bbox 0 0 1316 4210; x_wconf 95' lang='lat' dir='ltr'><strong> </strong></span> 
     </span>
    </p>
   </div>
  </div>
 </body>
</html>
