2608 4220
445 94 453 136 .·
463 111 541 166 n1v1
564 112 711 166 ‘rnonm-⁸
995 89 1062 163 495
1104 127 1106 131 ·

77 232 100 266 *
126 235 164 301 ln
189 231 359 318 primitiva
382 229 521 297 Ecclesia
545 249 614 297 non
639 233 736 296 erant
759 229 912 313 explicite
930 233 979 298 tot
993 231 1113 301 distin·
1177 221 1183 234 ’

77 323 217 392 ctiones
239 322 396 389 ordinum
420 323 558 405 propter
580 319 781 404 paucitatem
796 320 1038 404 ministrorum,
1052 326 1112 394 sed

75 434 204 481 omnes
226 411 398 479 interiores
421 411 555 477 ordines
578 413 674 475 erant
697 408 732 476 in
756 410 905 478 diacono.
918 410 1007 490 ltem,
1025 415 1111 498 psal·

77 505 240 570 mistatus
262 505 311 568 est
339 505 430 568 aetus
460 498 571 567 ordini
600 498 794 565 adiunctus:
817 504 933 566 cantor
963 520 1031 569 non
1061 507 1111 570 est

76 595 181 672 ordo,
206 592 283 677 quia
307 591 367 657 toti
389 593 491 657 choro
513 588 689 673 competit,
712 590 746 655 et
769 607 838 656 non
868 591 1012 658 retertur
1037 611 1109 678 spo·

76 683 216 750 cialiter
238 683 281 747 ad
305 679 551 747 Eucharistiam.

48 773 132 842 Art.
157 771 190 839 3.
214 774 265 838 Aa
287 770 408 838 ordines
430 770 556 838 deiram
591 768 745 854 distinqui
765 789 821 854 per
848 787 960 853 soerm,
984 777 1016 839 st
1046 791 1112 842 oon

79 881 202 930 saeros.
227 863 263 948 ri.
288 859 375 927 hicet
397 879 511 926 omncs
544 860 678 926 ordines
700 861 886 926 secundum
914 879 950 926 se
971 861 1039 928 sint
1060 883 1111 930 aa·

77 954 147 1032 cri,
171 951 250 1036 quia
272 954 352 1016 sunt
373 953 579 1017 sacramenta
602 949 766 1034 quaedam,
794 953 906 1017 tamen
928 953 1112 1021 seeundum

76 1041 258 1109 materiam
277 1040 365 1106 eirca
381 1058 481 1125 quam
501 1042 624 1106 hahent
642 1042 733 1106 aetus
760 1038 1012 1124 distinguuntur
1040 1062 1109 1110 non

76 1131 203 1211 saeris;
228 1148 306 1197 nam
328 1130 413 1196 sacri
450 1133 530 1196 sunt
551 1129 610 1214 qui
645 1129 770 1195 hahent
792 1133 902 1195 aetum
927 1130 1014 1197 circa
1037 1151 1110 1198 rem

77 1225 327 1302 consecratam,
350 1224 384 1285 et
411 1219 458 1285 sie
485 1222 565 1285 sunt
599 1220 665 1284 tres
693 1220 860 1300 sacerdos,
885 1220 918 1285 et
951 1219 1110 1289 diaeonus

78 1313 174 1380 circa
198 1306 333 1394 Corpus,
357 1314 390 1375 et
405 1308 608 1394 Sanguinem
625 1307 760 1388 Christi,
775 1310 998 1377 subdiaconus
1020 1310 1110 1379 circa

77 1422 162 1469 vasa
191 1419 298 1478 sacra,
324 1399 414 1466 unde
443 1401 567 1466 hahent
595 1401 712 1464 votum
746 1399 919 1479 castitatis,
942 1404 981 1466 ut
1001 1401 1108 1468 sancti

76 1493 162 1570 sint,
188 1510 250 1558 neo
274 1493 409 1572 possunt
431 1489 629 1555 contrahere
653 1487 915 1556 matrimonium.

52 1581 130 1648 Art.
156 1580 190 1651 ls.
212 1579 262 1648 An
285 1587 370 1647 ortos
392 1578 511 1645 ordinis
533 1581 748 1645 conuenienter
771 1582 806 1646 io
830 1580 934 1648 littero
949 1583 1107 1664 arsinoen·

80 1681 149 1738 tor.
176 1673 211 1756 ri.
234 1670 304 1750 Sic,
327 1670 511 1735 secundum
534 1671 656 1747 aetum,
668 1686 767 1753 quem
790 1669 929 1753 quilibet
951 1675 1033 1736 ordo
1048 1674 1108 1739 ha·

77 1762 202 1829 hetin
232 1761 350 1826 ordine
388 1760 430 1825 ad
469 1757 723 1838 Eucharistiam3
754 1763 846 1824 astus
880 1760 1038 1827 ordinum
1069 1762 1105 1829 iu

76 1850 276 1934 particulari
301 1847 376 1914 vide
399 1848 456 1914 ihi.

51 1939 126 2008 Art.
152 1939 192 2015 5,
209 1940 258 2006 Aa
281 1943 438 2007 oioroeter
460 1939 656 2020 imprimatur
678 1937 828 2006 soesrdoti
850 1942 975 2024 irs-ipso
998 1943 1105 2010 salicis

73 2033 272 2115 porrectione
294 2029 347 2096 soh
369 2032 469 2113 formo
483 2027 649 2094 uotorum.
676 2029 710 2112 ἡ.
735 2029 807 2106 Sis,
831 2029 908 2114 quia
932 2035 1013 2097 tuno
1036 2037 1104 2100 tra-

75 2123 174 2186 ditur
216 2124 355 2204 potestas
377 2116 610 2198 consecrandi,
633 2136 712 2202 ergo
746 2119 951 2202 imprimitur
989 2123 1105 2190 chara·

75 2216 163 2276 oter.
180 2210 269 2283 Nota,
287 2209 322 2274 in
345 2206 596 2274 confirmatione
619 2226 688 2274 non
713 2207 917 2292 imprimitur
932 2213 1104 2279 character

76 2301 115 2366 in
140 2300 319 2366 traditione
342 2296 480 2365 alicuius
513 2296 677 2375 materiae,
700 2299 777 2382 quia
802 2319 870 2365 non
898 2299 997 2366 datur
1031 2303 1104 2370 oili·

75 2389 171 2455 cium
194 2387 354 2473 operandi
393 2387 429 2452 in
452 2385 561 2472 aliqua
599 2387 752 2467 materia,
777 2392 815 2454 ut
838 2389 873 2456 in
913 2389 1040 2469 ordine,
1065 2391 1102 2460 in

74 2498 146 2564 quo
171 2498 232 2546 neo
262 2479 362 2544 datur
391 2494 451 2560 per
478 2494 597 2542 manus
627 2476 880 2559 impositionem.
905 2477 1001 2559 item,
1025 2481 1102 2548 linet

74 2575 172 2635 actus
196 2566 387 2654 principalis
410 2564 541 2632 diaconi
563 2565 607 2631 sit
621 2571 755 2649 portare
777 2588 898 2653 eorpus
920 2569 1051 2647 Christi,
1066 2573 1101 2636 et

75 2659 282 2725 ministrare·
306 2655 521 2742 sanguinem,
546 2657 657 2723 tamen
693 2658 864 2724 character
900 2659 1101 2743 exprimitur

74 2767 140 2831 per
168 2745 404 2815 secundarium
438 2749 559 2825 actum,
584 2745 665 2811 dum
700 2746 799 2814 datur
832 2748 918 2814 tiber
952 2748 1100 2835 Evange-

74 2837 210 2920 liorum,
234 2837 402 2924 quianon
427 2837 532 2920 potest
554 2834 780 2934 exprimiper
802 2841 914 2904 actum
942 2838 1101 2928 priorem.

397 3012 578 3100 oonsno
600 3013 760 3084 xxxnn.

256 3201 348 3267 Do
380 3197 742 3264 conferente
777 3200 897 3268 hoo

338 3294 812 3362 sacramentum.

53 3471 130 3538 Art.
157 3470 187 3535 l.
203 3470 252 3536 Au
277 3474 395 3534 motem
417 3470 569 3554 episeopus
591 3470 731 3554 soresmos
751 3469 880 3538 ordines.
906 3471 940 3556 ri.
963 3468 1025 3551 Sic,
1053 3471 1095 3539 si·

72 3564 130 3627 out
153 3563 186 3625 et
209 3564 452 3626 sacramentum
469 3559 739 3626 confirmationis.

73 3649 83 3672 ⁶
107 3649 249 3733 Quando
272 3668 349 3715 cum
388 3647 539 3732 episeopo
565 3648 743 3717 ordinante
774 3651 886 3718 caeteri
909 3651 1094 3720 sacerdotes
