<?xml version="1.0" encoding="UTF-8"?>
<!DOCTYPE html PUBLIC "-//W3C//DTD XHTML 1.0 Transitional//EN"
    "http://www.w3.org/TR/xhtml1/DTD/xhtml1-transitional.dtd">
<html xmlns="http://www.w3.org/1999/xhtml" xml:lang="en" lang="en">
 <head>
  <title>
</title>
<meta http-equiv="Content-Type" content="text/html;charset=utf-8" />
  <meta name='ocr-system' content='tesseract 3.04.00' />
  <meta name='ocr-capabilities' content='ocr_page ocr_carea ocr_par ocr_line ocrx_word'/>
</head>
<body>
  <div class='ocr_page' id='page_1' title='image "./theologicsummco00thomgoog_0231.png"; bbox 0 0 2632 4212; ppageno 0'>
   <div class='ocr_carea' id='block_1_1' title="bbox 238 163 941 238">
    <p class='ocr_par' dir='ltr' id='par_1_1' title="bbox 238 163 941 238">
     <span class='ocr_line' id='line_1_1' title="bbox 238 163 941 238; baseline -0.001 -1"><span class='ocrx_word' id='word_1_1' title='bbox 238 165 306 238; x_wconf 69' lang='lat'><strong>220</strong></span> <span class='ocrx_word' id='word_1_2' title='bbox 377 163 379 167; x_wconf 82' lang='grc'><strong>’</strong></span> <span class='ocrx_word' id='word_1_3' title='bbox 504 181 547 236; x_wconf 85' lang='grc' dir='ltr'><strong>ιιι</strong></span> <span class='ocrx_word' id='word_1_4' title='bbox 570 178 738 238; x_wconf 76' lang='lat' dir='ltr'><strong>aeonum</strong></span> <span class='ocrx_word' id='word_1_5' title='bbox 763 181 941 238; x_wconf 74' lang='lat' dir='ltr'><strong>saeorum</strong></span> 
     </span>
    </p>
   </div>
   <div class='ocr_carea' id='block_1_2' title="bbox 18 318 1307 1388">
    <p class='ocr_par' dir='ltr' id='par_1_2' title="bbox 194 318 1254 407">
     <span class='ocr_line' id='line_1_2' title="bbox 194 318 1254 407; baseline 0 -18"><span class='ocrx_word' id='word_1_6' title='bbox 194 320 264 390; x_wconf 75' lang='lat' dir='ltr'><strong>Art.</strong></span> <span class='ocrx_word' id='word_1_7' title='bbox 287 321 320 390; x_wconf 89' lang='grc'><strong>7.</strong></span> <span class='ocrx_word' id='word_1_8' title='bbox 342 319 392 389; x_wconf 77' lang='lat' dir='ltr'><strong>Ao</strong></span> <span class='ocrx_word' id='word_1_9' title='bbox 414 339 479 405; x_wconf 77' lang='lat' dir='ltr'><strong>aper</strong></span> <span class='ocrx_word' id='word_1_10' title='bbox 499 319 652 406; x_wconf 76' lang='lat' dir='ltr'><strong>precedat</strong></span> <span class='ocrx_word' id='word_1_11' title='bbox 672 319 767 404; x_wconf 77' lang='lat' dir='ltr'><strong>fidem.</strong></span> <span class='ocrx_word' id='word_1_12' title='bbox 799 321 835 406; x_wconf 69' lang='lat' dir='ltr'><strong>ri.</strong></span> <span class='ocrx_word' id='word_1_13' title='bbox 857 318 946 398; x_wconf 88' lang='lat' dir='ltr'><strong>Non,</strong></span> <span class='ocrx_word' id='word_1_14' title='bbox 974 321 1032 388; x_wconf 89' lang='lat' dir='ltr'><strong>sed</strong></span> <span class='ocrx_word' id='word_1_15' title='bbox 1055 323 1137 388; x_wconf 86' lang='lat' dir='ltr'><strong>fides</strong></span> <span class='ocrx_word' id='word_1_16' title='bbox 1161 343 1254 407; x_wconf 83' lang='lat' dir='ltr'><strong>pree·</strong></span> 
     </span>
    </p>

    <p class='ocr_par' dir='ltr' id='par_1_3' title="bbox 18 408 1307 944">
     <span class='ocr_line' id='line_1_3' title="bbox 18 408 1253 496; baseline 0.002 -20"><span class='ocrx_word' id='word_1_17' title='bbox 18 439 23 446; x_wconf 92' lang='lat'>·</span> <span class='ocrx_word' id='word_1_18' title='bbox 132 473 135 476; x_wconf 85' lang='grc'><em>,</em></span> <span class='ocrx_word' id='word_1_19' title='bbox 217 411 304 478; x_wconf 81' lang='lat' dir='ltr'><strong>cedit</strong></span> <span class='ocrx_word' id='word_1_20' title='bbox 325 429 433 496; x_wconf 90' lang='lat' dir='ltr'><strong>spem:</strong></span> <span class='ocrx_word' id='word_1_21' title='bbox 448 429 537 492; x_wconf 65' lang='lat' dir='ltr'><strong>,nam</strong></span> <span class='ocrx_word' id='word_1_22' title='bbox 560 429 621 494; x_wconf 91' lang='lat' dir='ltr'><strong>per</strong></span> <span class='ocrx_word' id='word_1_23' title='bbox 643 410 744 476; x_wconf 88' lang='lat' dir='ltr'><strong>fidem</strong></span> <span class='ocrx_word' id='word_1_24' title='bbox 766 408 946 476; x_wconf 72' lang='lat' dir='ltr'><strong>innotescit</strong></span> <span class='ocrx_word' id='word_1_25' title='bbox 962 411 1058 478; x_wconf 87' lang='lat' dir='ltr'><strong>nobis</strong></span> <span class='ocrx_word' id='word_1_26' title='bbox 1074 411 1253 478; x_wconf 73' lang='lat' dir='ltr'>beatitudo</span> 
     </span>
     <span class='ocr_line' id='line_1_4' title="bbox 212 498 1254 586; baseline 0.003 -21"><span class='ocrx_word' id='word_1_27' title='bbox 212 503 357 578; x_wconf 56' lang='lat' dir='ltr'><strong>‘’aeterna,</strong></span> <span class='ocrx_word' id='word_1_28' title='bbox 392 503 425 565; x_wconf 94' lang='lat' dir='ltr'><strong>et</strong></span> <span class='ocrx_word' id='word_1_29' title='bbox 442 498 620 572; x_wconf 80' lang='lat' dir='ltr'><strong>‚auxilium</strong></span> <span class='ocrx_word' id='word_1_30' title='bbox 649 498 725 579; x_wconf 89' lang='lat' dir='ltr'><strong>Dei,</strong></span> <span class='ocrx_word' id='word_1_31' title='bbox 743 517 830 585; x_wconf 75' lang='lat' dir='ltr'><strong>quo,</strong></span> <span class='ocrx_word' id='word_1_32' title='bbox 850 499 1065 585; x_wconf 74' lang='lat' dir='ltr'><strong>acquiritur‚‹</strong></span> <span class='ocrx_word' id='word_1_33' title='bbox 1081 502 1173 586; x_wconf 85' lang='lat' dir='ltr'><strong>quod</strong></span> <span class='ocrx_word' id='word_1_34' title='bbox 1197 505 1254 568; x_wconf 83' lang='lat' dir='ltr'><strong>est</strong></span> 
     </span>
     <span class='ocr_line' id='line_1_5' title="bbox 211 586 1254 673; baseline -0.002 -15"><span class='ocrx_word' id='word_1_35' title='bbox 211 590 382 672; x_wconf 79' lang='lat' dir='ltr'><strong>‚objectum</strong></span> <span class='ocrx_word' id='word_1_36' title='bbox 414 589 501 673; x_wconf 89' lang='lat' dir='ltr'><strong>spei,</strong></span> <span class='ocrx_word' id='word_1_37' title='bbox 536 586 612 655; x_wconf 91' lang='lat' dir='ltr'><strong>licet</strong></span> <span class='ocrx_word' id='word_1_38' title='bbox 646 608 705 671; x_wconf 90' lang='lat' dir='ltr'><strong>per</strong></span> <span class='ocrx_word' id='word_1_39' title='bbox 732 607 825 673; x_wconf 83' lang='lat' dir='ltr'><strong>spem</strong></span> <span class='ocrx_word' id='word_1_40' title='bbox 852 592 952 656; x_wconf 93' lang='lat' dir='ltr'><strong>bomo</strong></span> <span class='ocrx_word' id='word_1_41' title='bbox 978 589 1184 671; x_wconf 77' lang='lat' dir='ltr'><strong>stabiliatur,</strong></span> <span class='ocrx_word' id='word_1_42' title='bbox 1197 645 1202 656; x_wconf 88' lang='lat'><strong>.</strong></span> <span class='ocrx_word' id='word_1_43' title='bbox 1217 593 1254 657; x_wconf 87' lang='lat' dir='ltr'><strong>et</strong></span> 
     </span>
     <span class='ocr_line' id='line_1_6' title="bbox 218 677 1307 759; baseline 0.006 -15"><span class='ocrx_word' id='word_1_44' title='bbox 218 678 407 759; x_wconf 85' lang='lat' dir='ltr'><strong>perficiatur</strong></span> <span class='ocrx_word' id='word_1_45' title='bbox 421 679 466 750; x_wconf 85' lang='lat' dir='ltr'><strong>¹in</strong></span> <span class='ocrx_word' id='word_1_46' title='bbox 490 677 567 746; x_wconf 86' lang='lat' dir='ltr'><strong>fide.</strong></span> <span class='ocrx_word' id='word_1_47' title='bbox 1306 699 1307 750; x_wconf 78' lang='grc' dir='ltr'>ι</span> 
     </span>
     <span class='ocr_line' id='line_1_7' title="bbox 218 765 1307 855; baseline 0.005 -23"><span class='ocrx_word' id='word_1_48' title='bbox 218 767 231 796; x_wconf 82' lang='lat'><em>*</em></span> <span class='ocrx_word' id='word_1_49' title='bbox 255 765 428 850; x_wconf 79' lang='lat' dir='ltr'><strong>ObJectum</strong></span> <span class='ocrx_word' id='word_1_50' title='bbox 451 767 530 835; x_wconf 82' lang='lat' dir='ltr'><strong>odei</strong></span> <span class='ocrx_word' id='word_1_51' title='bbox 552 769 601 832; x_wconf 86' lang='lat' dir='ltr'><strong>est</strong></span> <span class='ocrx_word' id='word_1_52' title='bbox 622 769 842 851; x_wconf 88' lang='lat' dir='ltr'><strong>sperandum,</strong></span> <span class='ocrx_word' id='word_1_53' title='bbox 871 769 950 855; x_wconf 85' lang='lat' dir='ltr'><strong>quia</strong></span> <span class='ocrx_word' id='word_1_54' title='bbox 977 789 1045 837; x_wconf 93' lang='lat' dir='ltr'><strong>non</strong></span> <span class='ocrx_word' id='word_1_55' title='bbox 1071 773 1122 836; x_wconf 89' lang='lat' dir='ltr'><strong>est</strong></span> <span class='ocrx_word' id='word_1_56' title='bbox 1144 789 1253 855; x_wconf 88' lang='lat' dir='ltr'><strong>appa·</strong></span> <span class='ocrx_word' id='word_1_57' title='bbox 1306 775 1307 844; x_wconf 61' lang='lat' dir='ltr'><strong>i</strong></span> 
     </span>
     <span class='ocr_line' id='line_1_8' title="bbox 218 856 1307 944; baseline 0.006 -23"><span class='ocrx_word' id='word_1_58' title='bbox 218 875 294 922; x_wconf 88' lang='lat' dir='ltr'><strong>rens</strong></span> <span class='ocrx_word' id='word_1_59' title='bbox 316 859 500 925; x_wconf 86' lang='lat' dir='ltr'><strong>secundum</strong></span> <span class='ocrx_word' id='word_1_60' title='bbox 522 856 677 940; x_wconf 87' lang='lat' dir='ltr'><strong>seipsum,</strong></span> <span class='ocrx_word' id='word_1_61' title='bbox 701 876 769 923; x_wconf 94' lang='lat' dir='ltr'><strong>non</strong></span> <span class='ocrx_word' id='word_1_62' title='bbox 785 859 862 943; x_wconf 86' lang='lat' dir='ltr'><strong>quia</strong></span> <span class='ocrx_word' id='word_1_63' title='bbox 884 861 1050 942; x_wconf 74' lang='lat' dir='ltr'><strong>praecedat</strong></span> <span class='ocrx_word' id='word_1_64' title='bbox 1064 879 1147 944; x_wconf 90' lang='lat' dir='ltr'><strong>spes.</strong></span> <span class='ocrx_word' id='word_1_65' title='bbox 1165 860 1250 928; x_wconf 88' lang='lat' dir='ltr'><strong>item</strong></span> <span class='ocrx_word' id='word_1_66' title='bbox 1306 869 1307 938; x_wconf 65' lang='lat' dir='ltr'><strong>f</strong></span> 
     </span>
    </p>

    <p class='ocr_par' dir='ltr' id='par_1_4' title="bbox 82 946 1307 1388">
     <span class='ocr_line' id='line_1_9' title="bbox 125 946 1307 1031; baseline 0.009 -28"><span class='ocrx_word' id='word_1_67' title='bbox 125 993 128 1003; x_wconf 90' lang='lat'><em>.</em></span> <span class='ocrx_word' id='word_1_68' title='bbox 217 946 373 1014; x_wconf 90' lang='lat' dir='ltr'><strong>meritum</strong></span> <span class='ocrx_word' id='word_1_69' title='bbox 396 948 496 1013; x_wconf 89' lang='lat' dir='ltr'><strong>habet</strong></span> <span class='ocrx_word' id='word_1_70' title='bbox 516 963 608 1031; x_wconf 87' lang='lat' dir='ltr'><strong>spem</strong></span> <span class='ocrx_word' id='word_1_71' title='bbox 631 950 923 1014; x_wconf 88' lang='lat' dir='ltr'><strong>oonoometantem.</strong></span> <span class='ocrx_word' id='word_1_72' title='bbox 1306 971 1307 984; x_wconf 56' lang='lat'>¹</span> 
     </span>
     <span class='ocr_line' id='line_1_10' title="bbox 194 1033 1307 1122; baseline 0.003 -19"><span class='ocrx_word' id='word_1_73' title='bbox 194 1033 317 1103; x_wconf 74' lang='lat' dir='ltr'><strong>Ares.</strong></span> <span class='ocrx_word' id='word_1_74' title='bbox 341 1034 390 1103; x_wconf 81' lang='lat' dir='ltr'><strong>Ao</strong></span> <span class='ocrx_word' id='word_1_75' title='bbox 413 1038 547 1104; x_wconf 80' lang='lat' dir='ltr'><strong>ebaritas</strong></span> <span class='ocrx_word' id='word_1_76' title='bbox 568 1037 611 1102; x_wconf 82' lang='lat' dir='ltr'><strong>att</strong></span> <span class='ocrx_word' id='word_1_77' title='bbox 629 1038 719 1119; x_wconf 74' lang='lat' dir='ltr'><strong>prior</strong></span> <span class='ocrx_word' id='word_1_78' title='bbox 741 1055 801 1120; x_wconf 81' lang='lat' dir='ltr'><strong>spe.</strong></span> <span class='ocrx_word' id='word_1_79' title='bbox 826 1038 862 1121; x_wconf 65' lang='lat' dir='ltr'><strong>rt.</strong></span> <span class='ocrx_word' id='word_1_80' title='bbox 886 1037 921 1103; x_wconf 90' lang='lat' dir='ltr'><strong>ln</strong></span> <span class='ocrx_word' id='word_1_81' title='bbox 940 1036 993 1104; x_wconf 86' lang='lat' dir='ltr'><strong>via</strong></span> <span class='ocrx_word' id='word_1_82' title='bbox 1009 1038 1271 1122; x_wconf 79' lang='lat' dir='ltr'><strong>generationis,</strong></span> <span class='ocrx_word' id='word_1_83' title='bbox 1306 1039 1307 1042; x_wconf 72' lang='grc'>’</span> 
     </span>
     <span class='ocr_line' id='line_1_11' title="bbox 82 1124 1252 1214; baseline 0.009 -30"><span class='ocrx_word' id='word_1_84' title='bbox 82 1163 89 1184; x_wconf 82' lang='grc'><em>,</em></span> <span class='ocrx_word' id='word_1_85' title='bbox 217 1124 338 1205; x_wconf 88' lang='lat' dir='ltr'><strong>idest,</strong></span> <span class='ocrx_word' id='word_1_86' title='bbox 369 1128 411 1192; x_wconf 88' lang='lat' dir='ltr'><strong>ab</strong></span> <span class='ocrx_word' id='word_1_87' title='bbox 439 1124 632 1210; x_wconf 81' lang='lat' dir='ltr'><strong>imperfecto</strong></span> <span class='ocrx_word' id='word_1_88' title='bbox 662 1126 721 1191; x_wconf 89' lang='lat' dir='ltr'><strong>ad</strong></span> <span class='ocrx_word' id='word_1_89' title='bbox 735 1126 934 1210; x_wconf 81' lang='lat' dir='ltr'><strong>perfectum,</strong></span> <span class='ocrx_word' id='word_1_90' title='bbox 966 1128 1058 1209; x_wconf 90' lang='lat' dir='ltr'><strong>prior</strong></span> <span class='ocrx_word' id='word_1_91' title='bbox 1084 1131 1133 1194; x_wconf 84' lang='lat' dir='ltr'><strong>est</strong></span> <span class='ocrx_word' id='word_1_92' title='bbox 1157 1148 1252 1214; x_wconf 78' lang='lat' dir='ltr'><strong>spes3</strong></span> 
     </span>
     <span class='ocr_line' id='line_1_12' title="bbox 217 1213 1307 1302; baseline 0.006 -24"><span class='ocrx_word' id='word_1_93' title='bbox 217 1213 309 1280; x_wconf 87' lang='lat' dir='ltr'><strong>sed</strong></span> <span class='ocrx_word' id='word_1_94' title='bbox 299 1234 335 1280; x_wconf 93' lang='grc' dir='ltr'><strong>ιιι</strong></span> <span class='ocrx_word' id='word_1_95' title='bbox 358 1214 413 1281; x_wconf 86' lang='lat' dir='ltr'><strong>via</strong></span> <span class='ocrx_word' id='word_1_96' title='bbox 436 1213 661 1298; x_wconf 84' lang='lat' dir='ltr'><strong>perfeetionis,</strong></span> <span class='ocrx_word' id='word_1_97' title='bbox 686 1214 778 1298; x_wconf 91' lang='lat' dir='ltr'><strong>prior</strong></span> <span class='ocrx_word' id='word_1_98' title='bbox 800 1219 850 1281; x_wconf 89' lang='lat' dir='ltr'><strong>est</strong></span> <span class='ocrx_word' id='word_1_99' title='bbox 872 1216 1030 1298; x_wconf 82' lang='lat' dir='ltr'><strong>charitas,</strong></span> <span class='ocrx_word' id='word_1_100' title='bbox 1053 1235 1120 1302; x_wconf 89' lang='lat' dir='ltr'><strong>qua</strong></span> <span class='ocrx_word' id='word_1_101' title='bbox 1142 1219 1253 1285; x_wconf 87' lang='lat' dir='ltr'><strong>adve·</strong></span> <span class='ocrx_word' id='word_1_102' title='bbox 1306 1215 1307 1218; x_wconf 68' lang='grc'>’</span> 
     </span>
     <span class='ocr_line' id='line_1_13' title="bbox 218 1303 967 1388; baseline 0.001 -19"><span class='ocrx_word' id='word_1_103' title='bbox 218 1304 331 1370; x_wconf 88' lang='lat' dir='ltr'><strong>niente</strong></span> <span class='ocrx_word' id='word_1_104' title='bbox 354 1305 525 1386; x_wconf 82' lang='lat' dir='ltr'><strong>perficitur</strong></span> <span class='ocrx_word' id='word_1_105' title='bbox 546 1321 630 1388; x_wconf 87' lang='lat' dir='ltr'><strong>spes,</strong></span> <span class='ocrx_word' id='word_1_106' title='bbox 654 1303 688 1369; x_wconf 93' lang='lat' dir='ltr'><strong>id</strong></span> <span class='ocrx_word' id='word_1_107' title='bbox 711 1308 770 1384; x_wconf 86' lang='lat' dir='ltr'><strong>est,</strong></span> <span class='ocrx_word' id='word_1_108' title='bbox 790 1305 967 1372; x_wconf 84' lang='lat' dir='ltr'><strong>formatur.</strong></span> 
     </span>
    </p>
   </div>
   <div class='ocr_carea' id='block_1_3' title="bbox 559 1479 874 1568">
    <p class='ocr_par' dir='ltr' id='par_1_5' title="bbox 559 1479 874 1568">
     <span class='ocr_line' id='line_1_14' title="bbox 559 1479 874 1568; baseline 0 -19"><span class='ocrx_word' id='word_1_109' title='bbox 559 1479 743 1568; x_wconf 70' lang='lat' dir='ltr'><strong>Quosne</strong></span> <span class='ocrx_word' id='word_1_110' title='bbox 770 1482 874 1553; x_wconf 84' lang='lat' dir='ltr'><strong>xun</strong></span> 
     </span>
    </p>
   </div>
   <div class='ocr_carea' id='block_1_4' title="bbox 349 1655 1009 1746">
    <p class='ocr_par' dir='ltr' id='par_1_6' title="bbox 349 1655 1009 1746">
     <span class='ocr_line' id='line_1_15' title="bbox 349 1655 1009 1746; baseline 0.008 -19"><span class='ocrx_word' id='word_1_111' title='bbox 349 1724 350 1727; x_wconf 17' lang='grc' dir='ltr'>ι</span> <span class='ocrx_word' id='word_1_112' title='bbox 397 1705 399 1710; x_wconf 90' lang='grc'>-</span> <span class='ocrx_word' id='word_1_113' title='bbox 437 1667 528 1734; x_wconf 77' lang='lat' dir='ltr'><strong>De</strong></span> <span class='ocrx_word' id='word_1_114' title='bbox 553 1655 832 1746; x_wconf 73' lang='lat' dir='ltr'><strong>subjecto</strong></span> <span class='ocrx_word' id='word_1_115' title='bbox 858 1667 1009 1746; x_wconf 79' lang='lat' dir='ltr'><strong>spei.</strong></span> 
     </span>
    </p>
   </div>
   <div class='ocr_carea' id='block_1_5' title="bbox 195 1841 1253 3200">
    <p class='ocr_par' dir='ltr' id='par_1_7' title="bbox 195 1841 1253 2090">
     <span class='ocr_line' id='line_1_16' title="bbox 195 1841 1252 1929; baseline 0.001 -16"><span class='ocrx_word' id='word_1_116' title='bbox 195 1843 265 1913; x_wconf 78' lang='lat' dir='ltr'><strong>Art.</strong></span> <span class='ocrx_word' id='word_1_117' title='bbox 291 1844 320 1913; x_wconf 84' lang='lat' dir='ltr'><strong>i.</strong></span> <span class='ocrx_word' id='word_1_118' title='bbox 344 1843 394 1912; x_wconf 79' lang='lat' dir='ltr'><strong>do</strong></span> <span class='ocrx_word' id='word_1_119' title='bbox 415 1864 480 1929; x_wconf 81' lang='lat' dir='ltr'><strong>spos</strong></span> <span class='ocrx_word' id='word_1_120' title='bbox 502 1847 546 1912; x_wconf 78' lang='lat' dir='ltr'><strong>rit</strong></span> <span class='ocrx_word' id='word_1_121' title='bbox 567 1847 602 1912; x_wconf 82' lang='lat' dir='ltr'><strong>io</strong></span> <span class='ocrx_word' id='word_1_122' title='bbox 624 1844 906 1926; x_wconf 59' lang='lat' dir='ltr'><strong>voluntatatem</strong></span> <span class='ocrx_word' id='word_1_123' title='bbox 928 1843 1078 1928; x_wconf 59' lang='lat' dir='ltr'><strong>sorece,</strong></span> <span class='ocrx_word' id='word_1_124' title='bbox 1075 1841 1159 1923; x_wconf 90' lang='lat' dir='ltr'><strong>Sic,</strong></span> <span class='ocrx_word' id='word_1_125' title='bbox 1185 1863 1252 1914; x_wconf 92' lang='lat' dir='ltr'><strong>cu·</strong></span> 
     </span>
     <span class='ocr_line' id='line_1_17' title="bbox 216 1933 1253 2020; baseline 0.002 -19"><span class='ocrx_word' id='word_1_126' title='bbox 216 1939 271 2019; x_wconf 82' lang='lat' dir='ltr'><strong>jus</strong></span> <span class='ocrx_word' id='word_1_127' title='bbox 305 1937 471 2020; x_wconf 87' lang='lat' dir='ltr'><strong>objectum</strong></span> <span class='ocrx_word' id='word_1_128' title='bbox 501 1939 550 2002; x_wconf 90' lang='lat' dir='ltr'><strong>est</strong></span> <span class='ocrx_word' id='word_1_129' title='bbox 578 1936 704 2005; x_wconf 90' lang='lat' dir='ltr'><strong>bonum</strong></span> <span class='ocrx_word' id='word_1_130' title='bbox 733 1933 904 2014; x_wconf 89' lang='lat' dir='ltr'><strong>divinum,</strong></span> <span class='ocrx_word' id='word_1_131' title='bbox 934 1938 967 1999; x_wconf 92' lang='lat' dir='ltr'><strong>et</strong></span> <span class='ocrx_word' id='word_1_132' title='bbox 988 1933 1035 2002; x_wconf 89' lang='lat' dir='ltr'><strong>sic</strong></span> <span class='ocrx_word' id='word_1_133' title='bbox 1055 1936 1105 2006; x_wconf 86' lang='lat' dir='ltr'><strong>est</strong></span> <span class='ocrx_word' id='word_1_134' title='bbox 1134 1938 1253 2002; x_wconf 88' lang='lat' dir='ltr'><strong>motus</strong></span> 
     </span>
     <span class='ocr_line' id='line_1_18' title="bbox 217 2025 407 2090; baseline 0.011 -2"><span class='ocrx_word' id='word_1_135' title='bbox 217 2025 407 2090; x_wconf 81' lang='lat' dir='ltr'><strong>voluntatis.</strong></span> 
     </span>
    </p>

    <p class='ocr_par' dir='ltr' id='par_1_8' title="bbox 195 2111 1252 2269">
     <span class='ocr_line' id='line_1_19' title="bbox 195 2111 1252 2207; baseline 0.004 -29"><span class='ocrx_word' id='word_1_136' title='bbox 195 2111 263 2179; x_wconf 83' lang='lat' dir='ltr'><strong>Art.</strong></span> <span class='ocrx_word' id='word_1_137' title='bbox 288 2113 319 2180; x_wconf 80' lang='lat'><strong>2</strong></span> <span class='ocrx_word' id='word_1_138' title='bbox 342 2112 392 2180; x_wconf 86' lang='grc' dir='ltr'><strong>Αιι</strong></span> <span class='ocrx_word' id='word_1_139' title='bbox 414 2133 479 2198; x_wconf 84' lang='lat' dir='ltr'><strong>spes</strong></span> <span class='ocrx_word' id='word_1_140' title='bbox 500 2117 546 2181; x_wconf 82' lang='lat' dir='ltr'><strong>rit</strong></span> <span class='ocrx_word' id='word_1_141' title='bbox 565 2116 600 2180; x_wconf 82' lang='lat' dir='ltr'><strong>io</strong></span> <span class='ocrx_word' id='word_1_142' title='bbox 624 2113 727 2207; x_wconf 66' lang='lat' dir='ltr'><strong>trotio.</strong></span> <span class='ocrx_word' id='word_1_143' title='bbox 752 2113 787 2198; x_wconf 72' lang='lat' dir='ltr'><strong>ri.</strong></span> <span class='ocrx_word' id='word_1_144' title='bbox 811 2112 892 2194; x_wconf 89' lang='lat' dir='ltr'><strong>Non,</strong></span> <span class='ocrx_word' id='word_1_145' title='bbox 916 2112 994 2198; x_wconf 88' lang='lat' dir='ltr'><strong>quia</strong></span> <span class='ocrx_word' id='word_1_146' title='bbox 1010 2111 1056 2180; x_wconf 92' lang='lat' dir='ltr'><strong>eis</strong></span> <span class='ocrx_word' id='word_1_147' title='bbox 1071 2111 1252 2182; x_wconf 82' lang='lat' dir='ltr'><strong>beatitudo</strong></span> 
     </span>
     <span class='ocr_line' id='line_1_20' title="bbox 218 2204 503 2269; baseline 0.007 -3"><span class='ocrx_word' id='word_1_148' title='bbox 218 2222 287 2267; x_wconf 93' lang='lat' dir='ltr'><strong>non</strong></span> <span class='ocrx_word' id='word_1_149' title='bbox 312 2206 359 2268; x_wconf 85' lang='lat' dir='ltr'><strong>est</strong></span> <span class='ocrx_word' id='word_1_150' title='bbox 382 2204 503 2269; x_wconf 80' lang='lat' dir='ltr'><strong>futura.</strong></span> 
     </span>
    </p>

    <p class='ocr_par' dir='ltr' id='par_1_9' title="bbox 218 2289 1188 2376">
     <span class='ocr_line' id='line_1_21' title="bbox 218 2289 1188 2376; baseline 0.002 -19.08"><span class='ocrx_word' id='word_1_151' title='bbox 218 2289 433 2360; x_wconf 87' lang='lat' dir='ltr'><strong>*Christus</strong></span> <span class='ocrx_word' id='word_1_152' title='bbox 423 2311 458 2357; x_wconf 91' lang='lat' dir='ltr'><strong>m</strong></span> <span class='ocrx_word' id='word_1_153' title='bbox 482 2291 537 2358; x_wconf 86' lang='lat' dir='ltr'><strong>via</strong></span> <span class='ocrx_word' id='word_1_154' title='bbox 559 2293 701 2360; x_wconf 87' lang='lat' dir='ltr'><strong>habebat</strong></span> <span class='ocrx_word' id='word_1_155' title='bbox 723 2307 814 2374; x_wconf 89' lang='lat' dir='ltr'><strong>spem</strong></span> <span class='ocrx_word' id='word_1_156' title='bbox 838 2293 880 2358; x_wconf 94' lang='lat' dir='ltr'><strong>de</strong></span> <span class='ocrx_word' id='word_1_157' title='bbox 903 2292 1006 2376; x_wconf 74' lang='lat' dir='ltr'><strong>gloria</strong></span> <span class='ocrx_word' id='word_1_158' title='bbox 1029 2293 1188 2376; x_wconf 88' lang='lat' dir='ltr'><strong>corporis.</strong></span> 
     </span>
    </p>

    <p class='ocr_par' dir='ltr' id='par_1_10' title="bbox 196 2376 1251 2822">
     <span class='ocr_line' id='line_1_22' title="bbox 196 2376 1247 2468; baseline 0.004 -23"><span class='ocrx_word' id='word_1_159' title='bbox 196 2376 263 2448; x_wconf 83' lang='lat' dir='ltr'><strong>Art.</strong></span> <span class='ocrx_word' id='word_1_160' title='bbox 287 2379 319 2448; x_wconf 83' lang='lat'><strong>3.</strong></span> <span class='ocrx_word' id='word_1_161' title='bbox 347 2378 396 2448; x_wconf 78' lang='lat' dir='ltr'><strong>do</strong></span> <span class='ocrx_word' id='word_1_162' title='bbox 417 2400 482 2465; x_wconf 80' lang='lat' dir='ltr'><strong>spec</strong></span> <span class='ocrx_word' id='word_1_163' title='bbox 504 2383 583 2448; x_wconf 76' lang='lat' dir='ltr'><strong>eit</strong></span> <span class='ocrx_word' id='word_1_164' title='bbox 569 2401 604 2449; x_wconf 79' lang='lat' dir='ltr'><strong>ro</strong></span> <span class='ocrx_word' id='word_1_165' title='bbox 627 2382 788 2448; x_wconf 79' lang='lat' dir='ltr'><strong>damnatis.</strong></span> <span class='ocrx_word' id='word_1_166' title='bbox 813 2383 848 2465; x_wconf 66' lang='lat' dir='ltr'><strong>ri.</strong></span> <span class='ocrx_word' id='word_1_167' title='bbox 871 2380 957 2460; x_wconf 88' lang='lat' dir='ltr'><strong>Non,</strong></span> <span class='ocrx_word' id='word_1_168' title='bbox 988 2380 1066 2465; x_wconf 89' lang='lat' dir='ltr'><strong>quia</strong></span> <span class='ocrx_word' id='word_1_169' title='bbox 1091 2401 1158 2448; x_wconf 93' lang='lat' dir='ltr'><strong>non</strong></span> <span class='ocrx_word' id='word_1_170' title='bbox 1183 2403 1247 2468; x_wconf 87' lang='lat' dir='ltr'><strong>ap-</strong></span> 
     </span>
     <span class='ocr_line' id='line_1_23' title="bbox 219 2469 1249 2554; baseline 0.003 -19"><span class='ocrx_word' id='word_1_171' title='bbox 219 2471 470 2554; x_wconf 90' lang='lat' dir='ltr'><strong>prehenderunt</strong></span> <span class='ocrx_word' id='word_1_172' title='bbox 501 2472 756 2549; x_wconf 84' lang='lat' dir='ltr'><strong>beatitudinem,</strong></span> <span class='ocrx_word' id='word_1_173' title='bbox 787 2474 825 2535; x_wconf 89' lang='lat' dir='ltr'><strong>nt</strong></span> <span class='ocrx_word' id='word_1_174' title='bbox 851 2469 1054 2554; x_wconf 87' lang='lat' dir='ltr'><strong>possibilem,</strong></span> <span class='ocrx_word' id='word_1_175' title='bbox 1076 2475 1111 2536; x_wconf 93' lang='lat' dir='ltr'><strong>et</strong></span> <span class='ocrx_word' id='word_1_176' title='bbox 1132 2470 1249 2541; x_wconf 74' lang='lat' dir='ltr'><strong>scium</strong></span> 
     </span>
     <span class='ocr_line' id='line_1_24' title="bbox 219 2557 1251 2645; baseline 0.004 -21"><span class='ocrx_word' id='word_1_177' title='bbox 219 2560 471 2642; x_wconf 81' lang='lat' dir='ltr'><strong>perpetuitatem</strong></span> <span class='ocrx_word' id='word_1_178' title='bbox 495 2580 619 2645; x_wconf 79' lang='lat' dir='ltr'><strong>poenae,</strong></span> <span class='ocrx_word' id='word_1_179' title='bbox 645 2561 731 2628; x_wconf 87' lang='lat' dir='ltr'><strong>sicut</strong></span> <span class='ocrx_word' id='word_1_180' title='bbox 753 2558 839 2625; x_wconf 91' lang='lat' dir='ltr'><strong>beati</strong></span> <span class='ocrx_word' id='word_1_181' title='bbox 864 2557 1117 2644; x_wconf 89' lang='lat' dir='ltr'><strong>perpetuitatem</strong></span> <span class='ocrx_word' id='word_1_182' title='bbox 1141 2562 1251 2628; x_wconf 84' lang='lat' dir='ltr'><strong>beati·</strong></span> 
     </span>
     <span class='ocr_line' id='line_1_25' title="bbox 218 2647 1248 2732; baseline 0.006 -21"><span class='ocrx_word' id='word_1_183' title='bbox 218 2649 355 2715; x_wconf 89' lang='lat' dir='ltr'><strong>tudinis.</strong></span> <span class='ocrx_word' id='word_1_184' title='bbox 390 2647 470 2724; x_wconf 84' lang='lat' dir='ltr'><strong>ttem</strong></span> <span class='ocrx_word' id='word_1_185' title='bbox 484 2667 575 2732; x_wconf 46' lang='lat' dir='ltr'><strong>tapes</strong></span> <span class='ocrx_word' id='word_1_186' title='bbox 604 2653 653 2715; x_wconf 88' lang='lat' dir='ltr'><strong>est</strong></span> <span class='ocrx_word' id='word_1_187' title='bbox 667 2685 670 2694; x_wconf 89' lang='lat'><em>.</em></span> <span class='ocrx_word' id='word_1_188' title='bbox 682 2667 758 2714; x_wconf 92' lang='lat' dir='ltr'><strong>cum</strong></span> <span class='ocrx_word' id='word_1_189' title='bbox 776 2709 777 2716; x_wconf 75' lang='grc'>,</span> <span class='ocrx_word' id='word_1_190' title='bbox 792 2649 921 2732; x_wconf 79' lang='lat' dir='ltr'><strong>gaudio.</strong></span> <span class='ocrx_word' id='word_1_191' title='bbox 952 2647 1033 2716; x_wconf 87' lang='lat' dir='ltr'><strong>item</strong></span> <span class='ocrx_word' id='word_1_192' title='bbox 1062 2650 1248 2722; x_wconf 75' lang='lat' dir='ltr'><strong>animuin</strong></span> 
     </span>
     <span class='ocr_line' id='line_1_26' title="bbox 217 2737 941 2822; baseline 0 -20"><span class='ocrx_word' id='word_1_193' title='bbox 217 2737 410 2821; x_wconf 82' lang='lat' dir='ltr'><strong>Purgatorio</strong></span> <span class='ocrx_word' id='word_1_194' title='bbox 432 2739 558 2805; x_wconf 87' lang='lat' dir='ltr'><strong>babent</strong></span> <span class='ocrx_word' id='word_1_195' title='bbox 579 2756 670 2822; x_wconf 90' lang='lat' dir='ltr'><strong>spem</strong></span> <span class='ocrx_word' id='word_1_196' title='bbox 693 2738 735 2803; x_wconf 93' lang='lat' dir='ltr'><strong>de</strong></span> <span class='ocrx_word' id='word_1_197' title='bbox 758 2755 795 2803; x_wconf 85' lang='lat' dir='ltr'><strong>re</strong></span> <span class='ocrx_word' id='word_1_198' title='bbox 817 2738 941 2803; x_wconf 87' lang='lat' dir='ltr'><strong>futura.</strong></span> 
     </span>
    </p>

    <p class='ocr_par' dir='ltr' id='par_1_11' title="bbox 195 2823 1250 3178">
     <span class='ocr_line' id='line_1_27' title="bbox 195 2823 1248 2912; baseline 0.004 -20"><span class='ocrx_word' id='word_1_199' title='bbox 195 2823 263 2892; x_wconf 80' lang='lat' dir='ltr'><strong>Art.</strong></span> <span class='ocrx_word' id='word_1_200' title='bbox 287 2827 319 2893; x_wconf 78' lang='lat' dir='ltr'><strong>t</strong></span> <span class='ocrx_word' id='word_1_201' title='bbox 341 2824 391 2893; x_wconf 80' lang='lat' dir='ltr'><strong>Ao</strong></span> <span class='ocrx_word' id='word_1_202' title='bbox 413 2846 477 2910; x_wconf 80' lang='lat' dir='ltr'><strong>spec</strong></span> <span class='ocrx_word' id='word_1_203' title='bbox 499 2829 651 2902; x_wconf 76' lang='lat' dir='ltr'><strong>oiomrom</strong></span> <span class='ocrx_word' id='word_1_204' title='bbox 673 2825 782 2893; x_wconf 79' lang='lat' dir='ltr'><strong>tabeat</strong></span> <span class='ocrx_word' id='word_1_205' title='bbox 801 2825 1023 2902; x_wconf 76' lang='lat' dir='ltr'><strong>certibrdioem.</strong></span> <span class='ocrx_word' id='word_1_206' title='bbox 1049 2829 1084 2912; x_wconf 64' lang='lat' dir='ltr'><strong>ri.</strong></span> <span class='ocrx_word' id='word_1_207' title='bbox 1100 2826 1162 2908; x_wconf 88' lang='lat' dir='ltr'><strong>Sic,</strong></span> <span class='ocrx_word' id='word_1_208' title='bbox 1184 2830 1248 2896; x_wconf 84' lang='lat' dir='ltr'><strong>sed</strong></span> 
     </span>
     <span class='ocr_line' id='line_1_28' title="bbox 218 2915 1250 3003; baseline 0.005 -24"><span class='ocrx_word' id='word_1_209' title='bbox 218 2935 237 2979; x_wconf 89' lang='lat' dir='ltr'><strong>a</strong></span> <span class='ocrx_word' id='word_1_210' title='bbox 259 2915 324 2980; x_wconf 84' lang='lat' dir='ltr'><strong>tide</strong></span> <span class='ocrx_word' id='word_1_211' title='bbox 347 2915 627 3003; x_wconf 66' lang='lat' dir='ltr'><strong>formataeque</strong></span> <span class='ocrx_word' id='word_1_212' title='bbox 651 2917 840 2996; x_wconf 89' lang='lat' dir='ltr'><strong>moventur,</strong></span> <span class='ocrx_word' id='word_1_213' title='bbox 859 2918 892 2980; x_wconf 92' lang='lat' dir='ltr'><strong>et</strong></span> <span class='ocrx_word' id='word_1_214' title='bbox 907 2916 1102 2983; x_wconf 90' lang='lat' dir='ltr'><strong>innituntur</strong></span> <span class='ocrx_word' id='word_1_215' title='bbox 1116 2915 1250 2984; x_wconf 82' lang='lat' dir='ltr'><strong>divinae</strong></span> 
     </span>
     <span class='ocr_line' id='line_1_29' title="bbox 219 2999 1251 3091; baseline 0.005 -24"><span class='ocrx_word' id='word_1_216' title='bbox 219 3001 466 3086; x_wconf 85' lang='lat' dir='ltr'><strong>misericordiae,</strong></span> <span class='ocrx_word' id='word_1_217' title='bbox 496 3010 531 3071; x_wconf 89' lang='lat' dir='ltr'><strong>et</strong></span> <span class='ocrx_word' id='word_1_218' title='bbox 557 2999 823 3091; x_wconf 76' lang='lat' dir='ltr'><strong>omnipotentiae,</strong></span> <span class='ocrx_word' id='word_1_219' title='bbox 853 3007 887 3071; x_wconf 90' lang='lat' dir='ltr'><strong>et</strong></span> <span class='ocrx_word' id='word_1_220' title='bbox 915 3005 941 3071; x_wconf 86' lang='lat' dir='ltr'><strong>si</strong></span> <span class='ocrx_word' id='word_1_221' title='bbox 969 3006 1043 3091; x_wconf 87' lang='lat' dir='ltr'><strong>quis</strong></span> <span class='ocrx_word' id='word_1_222' title='bbox 1066 3025 1134 3072; x_wconf 93' lang='lat' dir='ltr'><strong>non</strong></span> <span class='ocrx_word' id='word_1_223' title='bbox 1157 3023 1251 3072; x_wconf 86' lang='lat' dir='ltr'><strong>asse-</strong></span> 
     </span>
     <span class='ocr_line' id='line_1_30' title="bbox 218 3090 1250 3200; baseline 0.004 -45"><span class='ocrx_word' id='word_1_224' title='bbox 218 3090 333 3174; x_wconf 90' lang='lat' dir='ltr'><strong>quitur</strong></span> <span class='ocrx_word' id='word_1_225' title='bbox 361 3092 619 3176; x_wconf 89' lang='lat' dir='ltr'><strong>beatitudinem,</strong></span> <span class='ocrx_word' id='word_1_226' title='bbox 649 3099 697 3161; x_wconf 87' lang='lat' dir='ltr'><strong>est</strong></span> <span class='ocrx_word' id='word_1_227' title='bbox 725 3094 871 3170; x_wconf 87' lang='lat' dir='ltr'><strong>detectus</strong></span> <span class='ocrx_word' id='word_1_228' title='bbox 901 3093 997 3160; x_wconf 89' lang='lat' dir='ltr'><strong>liberi</strong></span> <span class='ocrx_word' id='word_1_229' title='bbox 1026 3094 1156 3162; x_wconf 90' lang='lat' dir='ltr'><strong>arbitrii</strong></span> <span class='ocrx_word' id='word_1_230' title='bbox 1186 3114 1250 3200; x_wconf 83' lang='lat' dir='ltr'><strong>po-</strong></span> 
     </span>
    </p>
   </div>
   <div class='ocr_carea' id='block_1_6' title="bbox 218 3179 1249 3336">
    <p class='ocr_par' dir='ltr' id='par_1_12' title="bbox 218 3179 1249 3336">
     <span class='ocr_line' id='line_1_31' title="bbox 220 3179 1249 3336; baseline 0.007 -91"><span class='ocrx_word' id='word_1_231' title='bbox 220 3180 328 3336; x_wconf 57' lang='lat' dir='ltr'><strong>nfetnttis</strong></span> <span class='ocrx_word' id='word_1_232' title='bbox 351 3179 497 3267; x_wconf 88' lang='lat' dir='ltr'><strong>obicem,</strong></span> <span class='ocrx_word' id='word_1_233' title='bbox 519 3187 553 3248; x_wconf 92' lang='lat' dir='ltr'><strong>et</strong></span> <span class='ocrx_word' id='word_1_234' title='bbox 576 3203 644 3251; x_wconf 93' lang='lat' dir='ltr'><strong>non</strong></span> <span class='ocrx_word' id='word_1_235' title='bbox 669 3181 903 3250; x_wconf 76' lang='lat' dir='ltr'><strong>misericordiae</strong></span> <span class='ocrx_word' id='word_1_236' title='bbox 920 3183 996 3264; x_wconf 90' lang='lat' dir='ltr'><strong>Dei,</strong></span> <span class='ocrx_word' id='word_1_237' title='bbox 1019 3184 1072 3250; x_wconf 90' lang='lat' dir='ltr'><strong>cui</strong></span> <span class='ocrx_word' id='word_1_238' title='bbox 1094 3203 1169 3270; x_wconf 76' lang='lat' dir='ltr'><strong>spes</strong></span> <span class='ocrx_word' id='word_1_239' title='bbox 1192 3185 1249 3252; x_wconf 88' lang='lat' dir='ltr'><strong>in·</strong></span> 
     </span>
     <span class='ocr_line' id='line_1_32' title="bbox 218 3287 347 3336; baseline -0.025 0"><span class='ocrx_word' id='word_1_240' title='bbox 218 3288 254 3336; x_wconf 89' lang='lat' dir='ltr'><strong>m</strong></span> <span class='ocrx_word' id='word_1_241' title='bbox 270 3289 280 3334; x_wconf 95' lang='grc' dir='ltr'>ι</span> <span class='ocrx_word' id='word_1_242' title='bbox 296 3287 347 3336; x_wconf 90' lang='lat' dir='ltr'><strong>ur.</strong></span> 
     </span>
    </p>
   </div>
   <div class='ocr_carea' id='block_1_7' title="bbox 0 0 1320 4212">
    <p class='ocr_par' dir='ltr' id='par_1_13' title="bbox 0 0 1320 4212">
     <span class='ocr_line' id='line_1_33' title="bbox 0 0 1320 4212; baseline 0 0"><span class='ocrx_word' id='word_1_243' title='bbox 0 0 1320 4212; x_wconf 95' lang='lat' dir='ltr'><strong> </strong></span> 
     </span>
    </p>
   </div>
  </div>
 </body>
</html>
