2636 4202
447 119 523 172 DlVl
549 117 695 175 THOHAE.

59 213 379 224 *w

407 303 586 446 nonno
607 354 744 430 xxvia
800 297 810 312 ⁶

170 545 265 613 De
290 543 701 613 relationibus
727 519 970 612 divinis.

56 713 118 788 Art.
141 719 171 789 l.
194 719 243 790 An
268 723 304 797 ln
330 717 397 790 Deo
422 723 490 790 aiot
511 719 621 808 ollone
643 722 807 790 relationes
829 719 936 792 reales.
966 723 1002 808 rt.
1028 721 1097 803 Sir,

74 828 161 876 εεειιε
182 807 280 880 Pater
303 817 337 880 et
360 811 459 880 Filius
483 833 551 880 non
576 811 865 898 distinguerentur
880 809 1024 894 realiter,
1039 814 1098 880 sed

76 899 196 968 ratione
221 907 366 982 tantum,
389 921 463 988 quae
487 906 535 967 εει
558 901 691 970 haeresis
706 891 849 971 sabellii.
865 899 945 970 item
962 901 1097 988 qnando

75 994 234 1076 respectus
257 992 359 1059 nnius
382 994 424 1058 ad
447 989 548 1057 alium
572 996 620 1058 est
651 989 686 1058 in
711 995 831 1059 natura
861 990 928 1072 rei,
956 995 989 1056 el
1012 991 1094 1060 rela-

74 1075 115 1144 tio
137 1081 250 1162 realis,
274 1086 313 1148 ut
335 1081 470 1168 quando
499 1080 581 1166 quid
604 1081 754 1166 procedit
776 1101 795 1147 a
819 1077 984 1165 prinoipio
1007 1083 1095 1166 ejus·

72 1166 143 1234 dem
168 1174 313 1251 naturae,
338 1171 384 1238 ita
407 1174 445 1238 ut
467 1172 664 1258 prooedens,
685 1173 718 1237 at
742 1169 785 1249 id,
810 1190 829 1236 a
852 1189 919 1256 quo
942 1171 1094 1254 procedit
1211 1200 1215 1212 ·

70 1257 134 1325 εἰει
156 1261 305 1344 eiusdem
329 1258 473 1340 ordinis,
497 1261 535 1326 ut
558 1260 594 1328 in
611 1253 752 1328 'divinis
778 1258 858 1326 llam
881 1261 1017 1346 quando
1040 1278 1094 1326 ra-

70 1353 197 1432 speatns
220 1355 271 1416 εει
292 1353 425 1424 antam
442 1350 477 1418 in
494 1349 563 1436 ipsa
578 1348 842 1436 apprehensione
858 1350 999 1420 rationis
1014 1370 1095 1418 oon·

72 1438 205 1506 terentis
229 1460 335 1508 unum
359 1437 466 1519 alteri,
489 1445 537 1506 eet
561 1439 677 1508 relatio
701 1437 839 1507 rationis
862 1443 1005 1507 tantum.

72 1525 151 1596 ‘td
174 1527 302 1617 aliquid
333 1529 368 1609 in
399 1529 466 1620 Deo
496 1549 566 1600 non
597 1530 797 1616 praedioatur
825 1530 1010 1601 mundun
1040 1549 1093 1601 ra·

72 1619 194 1708 rinnon
224 1617 448 1713 inhaerentiae,
477 1620 554 1704 quia
585 1620 667 1687 nihil
699 1620 734 1686 in
764 1613 832 1686 Deo
854 1615 1014 1701 inhaeret,
1035 1621 1097 1688 sed

71 1726 126 1790 per
149 1707 289 1778 modum
312 1705 354 1780 ad
378 1699 469 1781 aliud
490 1728 525 1775 εε
547 1708 718 1788 habentis,
748 1709 782 1776 el
803 1712 882 1778 sunt
913 1710 949 1777 in
978 1712 1094 1778 eadem

72 1797 267 1876 substantia,
288 1797 369 1866 ltem
394 1797 430 1866 in
452 1795 520 1866 Deo
545 1819 612 1868 non
637 1802 685 1864 est
703 1797 817 1868 relatio
833 1799 930 1866 realis
946 1799 988 1866 ad
1003 1819 1096 1868 orea-

73 1891 171 1968 turas,
193 1887 254 1956 sed
277 1887 327 1956 est
351 1889 446 1958 realis
469 1893 630 1955 creaturae
654 1889 696 1954 ad
718 1887 834 1956 Deum.

56 1971 114 2046 ln.
137 1977 170 2046 2.
198 1977 248 2046 An
279 1979 391 2048 relatio
421 1981 455 2045 ln
483 1976 548 2046 Deo
577 1980 621 2045 sit
641 1977 718 2046 idem
747 1975 827 2064 qood
853 1983 928 2050 snat
955 1978 1096 2048 conlatio.

73 2067 104 2152 il.
131 2063 201 2148 Sia,
238 2069 385 2150 realiter,
420 2067 497 2159 quia
532 2067 647 2136 relatio
665 2072 715 2154 ‚ut
745 2073 793 2134 εει
820 2068 973 2136 accidens
996 2069 1097 2135 habet

71 2173 134 2222 εεεε
163 2155 200 2223 in
230 2157 380 2243 subjecto
407 2157 713 2224 siout'aooldentia:
736 2159 771 2224 ul
797 2157 912 2225 relatio
942 2157 1094 2244 proprie,

71 2249 100 2310 ει
122 2247 308 2314 formaliter
329 2249 475 2314 retertur
503 2246 674 2327 adalind,
703 2247 761 2314 sed
788 2244 825 2315 in
854 2247 922 2316 Deo
952 2253 1096 2314 nonest

72 2333 221 2404 accidens
252 2335 287 2402 in
317 2337 480 2422 subjecto,
513 2339 546 2403 et
576 2337 621 2404 sie
651 2321 757 2404 habet'
779 2357 848 2404 esse
870 2337 1039 2418 essentiae,
1063 2340 1097 2404 et

72 2443 136 2493 non
157 2425 273 2494 diflert
296 2428 339 2494 ab
363 2446 400 2496 ea
424 2412 572 2506 lealiter,
595 2426 788 2494 sed'dillert
811 2425 854 2494 ab
877 2426 1016 2494 essentia
1040 2446 1095 2494 ra·
1175 2433 1179 2442 ’

72 2512 174 2596 tione,
205 2514 283 2604 qula
295 2515 429 2598 'relatio
458 2514 540 2582 dioit
567 2520 753 2604 respectum
779 2514 823 2583 ad
845 2535 942 2583 suum
966 2516 1095 2601 opposi-

73 2605 156 2685 luln,
187 2603 330 2677 essentia
353 2625 450 2686 vero,
480 2625 565 2686 non,
590 2625 664 2693 quae
688 2625 764 2674 oum
786 2607 829 2672 sit
852 2604 1002 2686 infinita,
1026 2625 1094 2674 non

73 2697 174 2777 potest
197 2695 446 2784 comprehendi
461 2695 571 2781 aliquo
595 2695 742 2763 nomine.
889 2751 893 2762 ,
988 2721 992 2729 ·

60 2779 112 2852 Art.
138 2783 170 2854 3.
194 2784 246 2852 An
267 2785 447 2868 relationes,
476 2805 542 2870 ono
565 2794 639 2870 root
660 2788 695 2852 in
718 2783 784 2852 Deo
807 2785 951 2865 realiter,
978 2783 1096 2864 altrei·

74 2891 130 2942 an
152 2871 399 2960 distinerentur.
420 2873 459 2961 il.
484 2874 545 2960 Sia,
570 2895 639 2944 non
662 2872 847 2960 seeundum
872 2895 943 2942 rem
967 2875 1098 2942 ahsolu-

74 2960 209 3047 tam,-id
231 2965 292 3049 est,
315 2965 501 3045 essentiam,
524 2963 582 3032 sed
605 2953 789 3036 seeundum
813 2983 885 3032 rem
909 2961 1094 3045 relativam,

74 3050 166 3122 εεειιὲ
185 3074 255 3122 non
280 3057 364 3121 esset
386 3053 529 3122 Trinitas
554 3054 660 3141 realis,
685 3051 799 3126 elabi
822 3058 904 3138 sunt
922 3050 1098 3122 relationes

75 3138 205 3212 realiter
228 3145 396 3229 oppositae',
421 3144 466 3213 ibi
491 3140 543 3210 εει
562 3142 730 3214 distinctio
755 3143 850 3210 realis
874 3139 1025 3212 relative.

76 3231 84 3256 ‘
102 3231 185 3318 Quae
210 3233 270 3304 uni
294 3231 401 3302 eidem
417 3237 499 3304 sunt¹
512 3233 639 3318 eadem,
654 3236 734 3302 sunt
749 3235 782 3300 et
798 3233 887 3300 inter
901 3254 947 3314 se,
963 3236 1098 3322 quando

76 3341 120 3402 re,
149 3325 184 3390 ει
214 3322 362 3404 rationo,
384 3325 441 3394 sad
467 3343 534 3393 non
564 3322 611 3390 sio
635 3325 810 3393 relationes
839 3323 874 3391 in
908 3322 985 3390 Deo.
1015 3321 1096 3390 lton

78 3410 200 3478 bonitas
222 3413 257 3480 et
279 3413 427 3498 potentia
453 3433 520 3482 non
544 3415 772 3498 opponuntur,
795 3433 873 3500 ergo
891 3433 959 3480 non
976 3412 1096 3478 distin·

78 3505 248 3584 suuntur·
491 3549 495 3556 .

63 3585 111 3660 Art.
136 3591 167 3662 t.
193 3590 243 3661 A'o
266 3593 302 3660 io
327 3593 391 3662 Deo
413 3594 479 3661 slot
500 3596 631 3679 portitor
655 3591 817 3665 relationes
845 3591 959 3676 reales,
994 3591 1097 3658 Potor·

78 3685 164 3770 ailoe,
201 3683 348 3766 Fillatio,
379 3683 530 3770 Spirollo,
566 3685 730 3756 Processio.
762 3688 797 3770 ιι.
827 3683 895 3764 Sio,
920 3681 997 3770 quia
1022 3683 1097 3748 dnae
