2632 4212
435 173 513 227 o1v1
538 170 673 226 nabun
967 155 1030 225 lob

39 311 98 380 Art.
121 307 153 381 3.
178 311 230 380 Au
251 311 334 381 occ
356 313 401 379 sit
426 331 516 381 causo
543 314 767 394 olooootloots,
797 311 827 379 ct
855 313 1075 380 obdurationis
1164 354 1169 362 -

57 406 88 487 ιι.
111 401 317 484 Obcaecatio,
348 408 386 470 ut
409 403 489 470 dicit
519 408 646 471 motum
677 403 797 470 animae
820 402 999 469 inhaerent
991 423 1016 468 rs
1039 401 1074 466 in

54 497 200 576 peccato,
233 494 522 576 conestabulo,
549 493 626 580 qnia
650 497 698 560 est
722 498 909 577 peccatum
936 497 973 558 ut
996 481 1077 558 dicit
1186 499 1187 502 ’

54 581 312 650 subtractionem
335 583 460 670 gratiae,
483 604 550 670 qna
572 603 630 651 cor
652 585 835 663 emollitur,
860 589 893 649 et
917 602 1010 648 mens
1035 582 1076 646 il-

53 671 252 755 luminatur,
282 677 329 739 est
359 673 485 754 aDeo,
510 693 578 740 non
601 673 724 755 solnm,
748 674 825 760 quia
849 677 898 738 est
921 676 1073 739 obstacu-

52 761 129 843 lum,
153 762 190 830 id
215 765 273 844 est,
298 766 487 848 peccatum3
510 763 596 829 sicut
618 765 664 830 sol
689 784 749 847 per
772 763 880 828 radios
908 783 976 829 nou
1001 761 1075 825 illu-

52 853 158 920 minat
181 852 240 920 ubi
262 857 312 920 cst
334 867 464 936 corpus,
487 854 545 920 sed
568 852 667 920 ctiam
690 854 768 938 qnia
796 851 882 918 Deus
906 857 954 918 est
978 870 1076 917 causa

50 941 286 1011 subtractionis
308 942 422 1028 gratiae
446 963 514 1010 nou
538 943 621 1010 dans
644 943 733 1010 illam
758 963 798 1008 cx
814 963 879 1008 sua
901 941 1074 1026 sapientia,

51 1033 102 1098 vel
124 1033 301 1106 voluntate
323 1032 465 1116 cum-sit
487 1032 581 1100 liber.

51 1119 274 1190 *obduratio
297 1125 346 1189 est
369 1143 478 1208 poeua,
501 1123 553 1190 vel
577 1123 684 1208 culpa.
707 1123 862 1191 Diabolus
878 1122 1022 1191 obcaecat
1038 1123 1076 1187 ut

52 1211 183 1280 inducit
206 1214 250 1279 ad
273 1213 418 1296 culpam.
539 1279 548 1292 ,

34 1301 96 1370 lrt.
120 1301 153 1372 l.
177 1301 229 1370 Ao
252 1301 410 1371 obduratio
441 1310 476 1370 ct
499 1304 655 1374 obcaootio
684 1325 799 1390 sempor
827 1305 1010 1372 ordinantor
1040 1299 1079 1368 od

51 1395 180 1460 saluum
202 1397 279 1479 ctos,
304 1397 358 1478 qui
380 1396 629 1476 bacconicam
652 1396 827 1463 obduratur.
854 1399 888 1480 ιι.
913 1397 959 1462 Ex
981 1415 1015 1459 se
1033 1395 1076 1460 ad
1190 1393 1198 1401 ”

53 1483 322 1567 damnationem,
344 1485 422 1570 quia
444 1491 523 1552 snut
546 1487 748 1568 praeambula
772 1487 815 1552 ad
838 1488 1019 1570 peccatum,
1045 1483 1093 1548 et*

52 1577 131 1641 sunt
153 1573 291 1642 allectus
315 1575 572 1659 reprobationis3
601 1577 658 1641 sed
683 1597 724 1642 ειι
747 1575 862 1642 divina
892 1575 1079 1642 misericor·

53 1663 107 1730 dia
130 1664 348 1743 adsalutem,
372 1664 407 1732 id
431 1670 489 1744 est,
513 1669 551 1730 ut
575 1668 673 1731 homo
696 1686 730 1731 se
753 1669 939 1751 cognoscat,
962 1665 1016 1729 vel
1041 1663 1076 1727 in

55 1753 183 1820 bonum
212 1753 372 1835 aliorum,
402 1759 434 1820 et
457 1755 504 1822 sic
528 1757 612 1820 mala
636 1776 753 1838 poenos,
777 1777 851 1840 quae
874 1757 959 1820 Deus
982 1754 1078 1829 iacit,

51 1859 184 1930 semper
213 1842 415 1910 ordinantur
443 1845 479 1911 in
504 1846 647 1925 bonum,
678 1845 794 1910 saltem
818 1844 974 1924 aliorum:
1000 1859 1077 1907 nam
1149 1878 1153 1886 -

53 1934 136 2000 mala
161 1933 270 2018 culpae
294 1952 363 2001 non
385 1940 463 2001 sunt
487 1934 636 2000 facienda
660 1937 703 2002 ob
727 1934 866 2001 bonum.

392 2111 573 2200 Qunsuo
603 2114 721 2181 lxxx.

110 2297 207 2366 De
232 2311 417 2365 eausa
441 2300 685 2380 pcccati
716 2313 792 2366 ex
818 2303 998 2381 parte
1113 2381 1115 2388 Ι

437 2389 679 2455 diaboli.

36 2563 97 2634 Art.
131 2565 164 2633 l.
201 2563 253 2654 Ao
288 2563 423 2634 diabolos
456 2569 499 2634 stt
532 2587 623 2638 conso
650 2569 775 2653 ,peccati
807 2567 918 2636 directe
952 2567 1080 2634 bomini.

55 2657 87 2740 ιι.
110 2655 197 2739 Non,
222 2656 301 2742 qnia
325 2678 393 2726 nou
417 2663 527 2748 movet
550 2661 757 2724 voluntalem
780 2658 905 2724 directe
921 2659 963 2723 ad
979 2677 1080 2740 agen-

52 2745 150 2828 dum;
176 2746 264 2814 sicut
287 2748 426 2832 ipsamet
448 2767 493 2830 sc,
517 2753 550 2814 et
572 2747 658 2815 Deus
682 2749 782 2814 illam.
807 2748 887 2813 ltem
912 2750 1080 2831 objectum

54 2854 210 2916 movens,
244 2837 297 2902 vel
326 2837 408 2904 illud
432 2858 638 2924 proponam,
669 2837 722 2904 v‘el
751 2841 894 2903 suadens
917 2837 1080 2903 indirecte

12 3007 13 3014 ι
55 2931 177 3007 movet,
202 2944 272 2992 non
297 2927 432 2994 directe.
1156 2947 1158 2951 ·

35 3013 95 3084 Art
119 3016 153 3084 2.
178 3013 231 3082 Aa
253 3015 390 3084 diabolos
417 3021 515 3101 possit
542 3018 683 3086 iuducere
713 3017 752 3084 od
774 2985 973 3102 peccandum,
1003 3020 1080 3085 toto·

52 3109 117 3172 rios
141 3107 333 3190 iustiqoodo
359 3110 394 3192 ιι.
418 3107 487 3174 Νοιι
512 3114 624 3175 movet
647 3108 864 3188 intellectum,
889 3128 997 3192 neque
1021 3127 1081 3172 vo·

54 3195 237 3275 luntalem,
265 3201 303 3262 ut
333 3197 420 3277 dixi,
448 3198 505 3263 sed
535 3201 780 3280 phantasmata,
812 3203 845 3262 et
873 3217 1022 3275 sensum,
1047 3203 1081 3261 et

53 3303 110 3368 per
148 3286 221 3351 baec
257 3285 420 3352 indirecte
454 3286 584 3354 inducit
619 3287 828 3353 interius.t
802 3287 916 3352 lt'em
907 3306 1080 3369 impressas

50 3374 178 3457 species
200 3374 347 3454 ordinat,
371 3379 404 3440 ct
427 3376 603 3442 deordinat
626 3397 686 3461 per
710 3379 836 3442 motum
861 3377 1007 3442 localem.

31 3459 95 3531 Art
112 3464 147 3532 3.
166 3462 216 3532 Ao
233 3461 369 3530 diabotus
383 3467 481 3548 possit
494 3469 672 3534 successionne
688 3466 727 3532 od
738 3467 930 3548 peccandum
950 3467 983 3548 ιι.
997 3464 1080 3542 Νοιι,

51 3553 108 3619 sed
132 3571 267 3638 semper
292 3573 463 3636 possumus
487 3556 653 3635 resistere,
679 3555 755 3622 licet
778 3557 877 3640 possit
901 3556 1001 3638 ligare
1026 3573 1083 3637 po-

54 3643 197 3708 tentiam
224 3643 266 3709 ad
290 3647 412 3710 actum.
940 3731 997 3796 w
