2608 4220
453 137 528 190 naar
551 137 698 196 ruoum,
964 119 1032 191 545

54 261 88 324 et
112 257 197 327 ratio
219 259 288 338 est,
318 257 395 344 quia
418 259 509 324 deest
531 249 724 342 signifieatio
746 257 964 336 sacramenti,
992 258 1077 324 idest

55 351 92 414 ut
115 349 159 414 sit
188 349 306 427 unius,
335 352 368 413 et
391 348 467 433 quia
502 350 600 414 datur
629 348 760 432 signum
788 347 1076 430 concupiscentiae,

55 438 137 503 bine
158 439 243 505 solus
266 457 442 504 consensus
466 439 507 504 de
540 437 694 521 praesenti
717 457 793 504 oum
821 438 938 522 copula
966 441 1076 505 causat

55 527 351 610 irregularitatem.-

33 615 102 683 lra.
118 618 151 685 2.
174 617 223 684 Aa
245 621 298 702 pai
319 617 408 684 labat
427 617 500 683 daos
522 636 643 697 orrares,
667 637 759 684 onam
783 617 817 684 de
840 621 923 698 iare,
948 617 1077 682 alteram

54 707 91 771 de
112 710 193 793 facto
214 711 259 774 sit
278 709 470 790 irregularis.
496 709 530 792 ri.
554 707 615 786 Sic,
640 707 717 791 quia
738 706 773 772 iu
796 709 941 772 secundo
964 711 1012 770 est
1026 725 1076 770 sa-

53 798 218 863 cramenti
240 798 430 872 similitudo,
455 803 487 860 et
511 797 654 880 primum
671 800 719 862 est
742 797 922 880 principale
949 795 984 859 in
1000 815 1076 860 eau-

54 887 159 952 sanda
182 887 434 972 irregularitate.
458 885 549 966 ltem,
571 889 597 951 si
623 907 690 952 non
718 886 874 970 cognovit
899 885 1076 952 carnaliter

54 994 151 1054 eam,
175 997 274 1061 qaam
308 978 349 1040 de
373 977 445 1040 iure
468 975 654 1055 contraxit,
678 978 711 1039 el
733 973 899 1042 contrabit
926 976 968 1040 de
990 975 1075 1039 iacto

54 1085 132 1130 cum
155 1067 229 1146 alia,
253 1085 351 1151 quam
364 1065 539 1130 carnaliter
551 1065 731 1149 cognoscit,
751 1086 819 1131 non
844 1069 892 1130 est
915 1065 1075 1148 bigamus,

54 1155 133 1237 quia
149 1157 294 1238 primum
312 1155 558 1220 matrimonium
576 1175 643 1219 non
662 1155 777 1220 babuit
788 1155 966 1238 perlectam
977 1172 1074 1219 suam

54 1243 347 1328 significationem
381 1247 407 1308 si
443 1263 521 1309 voro
544 1249 674 1310 coactos
697 1247 740 1310 ab
762 1243 901 1310 Ecclesia
924 1244 1011 1310 redit
1033 1245 1076 1309 ad

56 1335 208 1415 primam,
232 1341 265 1398 et
288 1354 360 1399 eam
384 1334 550 1416 cognoscit
572 1335 610 1398 iit
633 1334 793 1418 bigamus.

31 1421 102 1488 Art.
127 1423 157 1490 3.
180 1423 229 1490 Aa
252 1427 305 1508 pat
327 1424 413 1490 duait
432 1443 559 1488 oaorem
582 1441 645 1488 aaa
666 1425 818 1506 virginem
846 1425 904 1508 fiat
924 1423 1077 1506 irrepalo·

54 1515 111 1576 ria.
137 1515 173 1597 ab.
195 1512 257 1591 Sic,
282 1515 338 1578 sed
361 1515 388 1577 si
405 1513 458 1576 vir·
474 1518 648 1596 corruptus
663 1513 799 1579 duceret
815 1515 989 1598 virginem,
1006 1532 1074 1579 non

54 1607 140 1666 esset
174 1602 380 1687 irregularis,
411 1603 488 1688 quia
522 1622 589 1668 non
613 1601 690 1666 facit
713 1601 876 1668 delectum
906 1603 940 1668 in
971 1622 1077 1668 saera·

57 1696 181 1757 mento.
206 1692 306 1767 ltem,
332 1692 499 1774 probabile
529 1696 592 1768 est,
627 1692 716 1775 quod
739 1692 795 1776 qui
822 1692 995 1758 defloravit
1017 1693 1076 1756 ali-

53 1801 165 1863 quam,
189 1800 288 1865 quam
313 1787 421 1863 postea
443 1780 534 1847 ducit
557 1781 592 1845 in
617 1801 765 1860 uxorem,
790 1801 858 1848 non
887 1783 930 1846 sit
952 1781 1075 1864 irregu÷

54 1870 143 1936 laris.
167 1871 257 1947 ltem,
281 1871 307 1936 si
332 1891 415 1938 uxor
438 1871 630 1948 fornicetur,
654 1891 691 1936 ac
715 1870 851 1936 maritus
878 1876 951 1956 post
973 1871 1075 1936 iorni·

52 1959 219 2026 cntionem
243 1961 331 2024 illam
355 1961 531 2044 cognoscit,
554 1961 592 2024 lit
616 1961 818 2044 irregularis.
1132 1963 1133 1966 ’

26 2047 101 2116 Art.
125 2049 156 2117 l,
179 2050 228 2116 Aa
252 2048 385 2132 bigamia
406 2052 543 2116 solvatur
555 2069 611 2132 par
627 2048 817 2133 baptismam.
841 2051 877 2136 ri.
900 2049 981 2128 Non,
998 2050 1076 2134 quia

55 2139 237 2220 baptismus
260 2140 358 2204 solvit
381 2141 501 2223 culpas,
532 2145 564 2203 et
595 2159 661 2206 non
686 2140 860 2225 coniugia,
890 2139 1076 2225 exquibus

52 2228 206 2310 sequitur
229 2229 463 2313 irregularitas.
486 2230 588 2309 ltem,
616 2234 820 2298 sacramenta
847 2229 967 2295 veteris
997 2229 1075 2313 legis

55 2317 216 2383 tollebant
238 2317 524 2402 irregularitatem,
548 2318 624 2402 quia
647 2325 742 2384 crant
764 2320 883 2386 adhoc
910 2319 1074 2398 ordinata,

54 2424 125 2470 non
148 2406 196 2472 sic
213 2407 404 2489 baptismus,
427 2409 484 2492 qui
508 2409 592 2473 tollit
609 2413 790 2490 peccatum.

25 2493 101 2562 Art.
125 2495 156 2561 5.
179 2495 231 2562 Aa
254 2515 320 2562 eam
344 2497 461 2580 bigamo
487 2499 577 2563 liccat
596 2499 777 2581 dispensare.
803 2500 837 2582 rt.
860 2499 932 2576 Sic,
963 2502 1001 2563 ut
1022 2517 1075 2562 or·

52 2584 202 2662 dinetur,
224 2585 303 2670 quia
326 2587 475 2670 bigamiae
500 2607 566 2652 non
583 2593 631 2652 cst
647 2608 776 2653 annexa
793 2588 1016 2676 irregularitas
1031 2588 1076 2653 de

53 2673 130 2738 iure
143 2676 297 2754 naturali,
314 2681 364 2742 vel
385 2677 511 2753 divino,
532 2696 593 2741 nec
612 2678 827 2743 essentialiter
851 2677 1074 2744 contrariatur

52 2762 176 2841 ordini,
200 2767 290 2830 unde
306 2766 333 2830 si
349 2765 498 2850 bigamus
513 2765 687 2831 ordinetur
703 2768 819 2850 recipit
841 2770 1074 2846 characterem,

53 2856 88 2916 et
111 2855 245 2937 quando
269 2854 303 2918 in
336 2855 407 2919 inre
436 2855 578 2934 dicitur,
613 2875 690 2920 cum
718 2857 856 2943 bigamis
885 2878 952 2927 non
977 2857 1075 2926 licere

51 2941 254 3024 dispensare,
278 2942 485 3028 intelligitur,
511 2963 578 3009 non
603 2945 647 3010 ita
671 2946 774 3013 facile.

404 3119 582 3203 ounsrro
606 3122 719 3191 aava.

257 3302 347 3365 De
372 3301 579 3366 libello
604 3255 859 3384 repudii.

22 3479 96 3546 Art.
124 3477 155 3544 l.
177 3475 227 3544 Aa
249 3479 495 3560 inseparabilitas
522 3484 631 3548 axoris
652 3486 697 3548 ait
721 3485 755 3550 da
784 3486 848 3568 lege
876 3490 1014 3551 aotaroa.
1040 3487 1075 3568 rt.

50 3567 120 3645 Sic,
143 3572 182 3632 ut
195 3569 340 3633 educent
355 3569 448 3648 filios,
465 3574 498 3634 et
521 3571 566 3634 eis
583 3574 818 3654 thesaurizent,
837 3578 870 3639 et
885 3577 975 3659 quod
991 3575 1076 3640 Deus

49 3657 232 3725 coniunxit
254 3659 352 3722 bomo
375 3678 443 3728 non
466 3665 603 3744 separet.

129 3761 210 3832 Dtaa'
235 3765 379 3833 raomae.
944 3772 986 3840 35
