2652 4198
420 161 495 212 n1v1
520 159 667 214 unone.
974 145 1017 214 as

53 315 107 376 lare
127 313 263 394 malurn,
290 314 350 380 sed
375 335 443 380 non
461 308 678 383 sufficienter:
694 315 778 382 siout
795 316 992 410 unirersaiis
1007 339 1060 386 oo·

51 399 238 486 gnitio'legis
264 404 430 470 naturalis
453 403 568 489 dirigit
591 405 761 473 hominem
784 406 826 473 ad
849 409 985 488 bonum,
1002 411 1061 476 sed

51 509 104 558 non
122 491 343 572 sullioieuter,
367 494 442 560 ideo
466 495 566 562 debet
588 495 757 563 custodiri.
782 495 862 562 ltem
886 497 972 567 Deus
996 498 1060 566 im·

51 580 172 648 mediate
193 581 352 649 infundit
374 583 525 650 habitum
549 584 682 651 virtutis
713 585 756 652 ad
779 588 1005 669 operandum,
1026 593 1062 654 et

50 666 217 736 immediate
254 675 425 757 quantum
459 674 592 740 adhoc
622 674 792 740 homiuem
815 675 976 754 custodit,
1000 679 1059 744 sed

51 779 97 842 per
115 760 249 845 Angelos
274 762 364 828 Deus
388 763 557 832 bominem
582 763 728 842 instruit,
755 762 968 831 utinveniat
991 768 1061 833 vies

50 867 190 933 congruas
212 854 258 918 ad
285 852 528 935 perficiendum
553 854 680 920 bonum
703 852 853 933 virtutis3
870 855 945 920 etsi
961 857 1060 922 bomo

51 939 153 1022 operit,
177 959 247 1008 uon
274 961 319 1007 ex
342 942 544 1027 negligentia
567 942 697 1028 Angeli,
724 944 782 1009 sed
806 942 931 1010 malitia
955 945 1061 1010 liorni·¹

51 1027 90 1092 uis
109 1031 155 1094 sit.
178 1030 263 1097 ltem
289 1031 381 1117 quod
405 1037 528 1116 praeter
550 1034 656 1118 legem
679 1051 892 1100 communem
915 1032 1057 1118 Angelus

51 1118 157 1186 bomini
179 1124 355 1205 appareat,
378 1125 428 1187 est
450 1141 492 1188 ex
514 1122 647 1207 speciali
671 1122 729 1190 Dei
753 1122 869 1207 gratia.

37 1206 86 1273 Art.
106 1210 135 1276 2.
155 1209 204 1277 Aa
227 1212 352 1296 sindolt
375 1214 711 1296 leminea-ostooolts
736 1213 864 1297 Anulis
892 1212 1062 1280 ooowdioo·

55 1304 101 1364 tor.
123 1301 154 1384 rt.
176 1299 247 1381 Sia,
273 1305 308 1366 et
332 1302 502 1385 probabile
525 1307 587 1382 est,
616 1303 705 1386 quod
729 1301 867 1369 diversis
890 1302 1060 1384 speeiebus

55 1407 164 1469 rerum,
197 1390 327 1456 diversi
358 1390 470 1475 Angeli
504 1393 652 1475 ejusdem
680 1391 807 1459 ordinis
833 1391 1059 1476 perlioiautur.

55 1475 118 1542 ltenr
139 1481 292 1560 possibile
316 1483 374 1559 est,
399 1483 437 1546 ut
459 1480 600 1565 Angelos
622 1481 784 1566 superior,
812 1483 870 1568 qui
893 1483 1060 1552 illuminat

54 1565 217 1652 interiores,
247 1569 418 1637 illuminet
446 1571 618 1638 bominem
647 1571 848 1638 immediate.
877 1571 956 1637 ltern
979 1572 1057 1639 lieet

55 1657 180 1724 honines
215 1665 340 1727 natura
374 1660 442 1725 aiut
473 1679 583 1743 pares,
615 1665 727 1728 tamen
754 1663 791 1728 in
815 1661 862 1728 eis
886 1661 1061 1728 invenitur

57 1745 257 1832 inequalitas:
290 1769 369 1816 narn
397 1769 439 1815 ex
461 1750 577 1818 divina
604 1749 816 1834 providentia
846 1750 982 1834 quidam
1005 1769 1058 1817 eo·

57 1853 115 1900 rum
135 1840 311 1907 ordinatur
333 1840 376 1904 ad
400 1841 515 1923 majus,
539 1839 676 1923 quidam
698 1841 742 1906 ad
765 1839 885 1906 minus.

42 1923 91 1992 lrt.
111 1926 137 1994 3.
159 1929 208 1997 Ao
231 1929 384 1998 costodiae
405 1931 541 1997 laminas
562 1933 719 2013 pertineat
744 1929 842 1996 solam
871 1927 910 1994 od
936 1931 1062 2014 inserto·

57 2035 106 2082 rem
124 2021 257 2089 ordinem
281 2021 477 2104 donatorum.
503 2022 538 2105 ri.
563 2019 827 2098 particularium,
846 2023 909 2098 sio;
926 2021 984 2114 sed
999 2039 1060 2084 eu·

59 2109 143 2177 stedia
169 2110 391 2178 universalior
418 2109 593 2177 hominum
625 2110 667 2176 ad
697 2109 919 2195 superiorem,
951 2111 989 2176 ut
1015 2111 1058 2177 ad

60 2195 265 2287 Archangelos.

60 2283 222 2374 *supremi
247 2291 355 2358 infimi
378 2290 504 2360 ordinis
532 2288 724 2358 custodiunt
755 2288 923 2376 digniores
955 2289 1061 2354 bomi-

63 2395 113 2456 nes,
133 2385 163 2446 et
184 2383 374 2450 lanatiores.
821 2381 824 2386 ’

49 2463 96 2532 lrl.
116 2470 142 2537 t.
164 2475 213 2540 Aa
236 2473 375 2540 ornatius
397 2471 569 2544 bominibus
591 2471 773 2554 deputentur
801 2469 916 2554 doreti
944 2468 983 2534 od
1010 2488 1060 2536 oo·

63 2558 172 2629 stolam.
205 2567 241 2648 rt.
271 2562 434 2628 Omnibus
463 2565 545 2628 dum
567 2565 648 2628 sunt
671 2562 707 2626 iu
731 2561 803 2640 via,
827 2557 1059 2646 quiaperiou·

64 2643 123 2730 lou,
142 2671 232 2720 nous
256 2653 291 2719 iu
315 2651 434 2718 Patria.

65 2733 219 2810 *Christus
246 2745 398 2808 utbomo
428 2741 619 2808 immediate
653 2741 866 2831 regulabatur
893 2759 913 2805 a
937 2738 1060 2820 Verbo,

66 2823 118 2894 ideo
138 2851 201 2899 non
226 2833 396 2918 indigebat
419 2831 568 2899 ousmdia
589 2831 802 2916 Angelorum.
821 2827 901 2894 ltem
920 2828 955 2894 in
971 2833 1061 2897 statu

66 2914 237 2989 innocentiae
261 2925 358 2988 bomo
382 2921 551 3006 indigebat
573 2920 722 2987 custodia
745 2918 957 3004 Angelorum,
984 2921 1062 3004 quia

65 3003 120 3073 lieet
138 3031 201 3079 non
226 3017 310 3078 esset
333 3010 518 3095 perieulum
542 3013 585 3078 ab
608 3011 716 3088 intus,
738 3008 802 3076 ubi
825 3007 939 3076 omnia
963 3012 1062 3076 erant

67 3098 199 3250 cardinato,
223 3106 336 3168 umen
359 3100 556 3169 imminebat
577 3101 622 3168 ab
643 3103 739 3166 extra
762 3103 900 3183 propter
927 3096 1062 3168 insidias

83 3205 240 3260 anuum.

54 3271 102 3340 Art
120 3279 146 3350 t.
169 3281 216 3352 Aa
244 3280 380 3367 danlae
409 3282 567 3368 demuto
595 3281 714 3350 bomini
747 3297 767 3346 o
799 3298 856 3348 sao
889 3280 1063 3347 nativitato.

70 3364 93 3446 ll.
111 3367 162 3449 Sir,
183 3374 261 3458 quia
284 3378 366 3438 tune
388 3378 437 3438 est
460 3374 575 3451 bomo,
598 3376 632 3437 et
654 3391 675 3438 a
698 3389 803 3455 puero
824 3374 915 3438 aroet
939 3370 1062 3436 daemo-

71 3473 119 3521 ne.
138 3461 211 3529 ltern
236 3481 319 3548 puer
341 3461 423 3529 duur
445 3465 494 3528 est
516 3462 553 3526 in
576 3466 696 3528 ventre
719 3459 844 3540 matris,
868 3462 917 3526 est
932 3456 1059 3542 aliquid

70 3551 171 3630 nstris,
197 3555 235 3620 ut
265 3554 391 3619 fruetus
421 3552 570 3636 pendens
593 3555 636 3618 ab
658 3553 795 3631 arbore,
819 3553 853 3616 et
875 3547 1061 3616 custoditur

72 3635 102 3698 'ab
119 3639 225 3726 lngelo
248 3642 373 3710 matris.
773 3645 779 3652 ’

58 3717 102 3792 lrt.
120 3727 146 3800 t.
171 3731 219 3804 Aa
247 3732 381 3821 donetur
410 3739 509 3802 ento
539 3733 714 3819 quantoque
747 3731 867 3802 deserat
900 3732 1061 3800 mtrem.
