2636 4202
228 197 233 204 ,
264 121 308 188 50
577 132 623 182 ux
647 131 761 183 erorum
785 131 901 182 romu

242 293 298 373 lis,
321 293 357 359 id
380 295 446 371 est,
469 289 670 376 intelligere,
694 288 772 374 quia
795 287 900 354 sotum
925 279 1079 372 iutelligit
1101 289 1270 359 abstractu
1310 293 1311 296 ’

242 382 433 450 emeterio.
572 453 596 458 ,Ἴ
1310 433 1311 447 t

198 541 200 546 s
243 475 255 498 *
278 471 520 550 Detormiuuus‚
545 473 578 537 et
600 467 858 536 determinatum
881 465 916 534 iu'
932 465 1053 552 Augelo
1069 472 1148 537 suut
1164 470 1269 552 idem,
1310 477 1311 554 j

228 563 301 628 'sod
324 561 483 628 disserunt
506 560 644 640 ratione,
670 579 736 627 nou
755 561 866 626 tomen
885 562 1039 626 esteotus
1056 579 1169 644 purus,
1187 563 1270 646 quia

243 656 292 718 est
305 653 351 716 -iu
376 649 535 736 potentio.

218 741 287 808 Art.
311 741 342 810 3.
366 741 415 808 Ao
438 740 549 824 Aoqett
570 743 637 806 siut
659 743 693 806 io
719 758 828 824 moqoo
859 757 993 808 ursmaro.
1024 741 1059 824 rt.
1085 739 1154 821 Sic,
1186 743 1270 826 quia

241 832 439 914 perfectiora
462 831 628 896 excedunt
652 830 686 894 in
712 849 831 914 magno
851 849 991 910 numero
1008 829 1269 913 imperfectiora,

241 926 275 985 et
297 921 344 986 sio
366 921 479 1004 Augeli
505 919 694 997 uiatorioIie,
718 921 900 984 seeundum
925 918 982 984 Dei
1007 921 1101 985 velte.

218 1009 286 1077 Art.
311 1008 415 1076 leue
437 1008 548 1092 Aoqete‘
572 1009 716 1090 different
737 1011 843 1092 speeie.
869 1009 903 1091 ii.
928 1005 992 1086 sic,
1009 1009 1086 1094 quio
1102 1009 1271 1078 differunt

228 1099 377 1178 ordine,
402 1117 463 1163 nee
487 1101 612 1164 habeut
636 1097 823 1177 materiam,
848 1101 880 1162 et
902 1099 1025 1180 speeies
1048 1099 1192 1166 sumitur
1214 1119 1271 1166 se-

240 1189 390 1255 eundum
413 1187 560 1253 diversos
584 1189 705 1271 gradus
730 1194 857 1252 uaturae
880 1187 1107 1268 inteuectivae,
1138 1192 1171 1252 et
1195 1209 1271 1255 ma-

240 1278 299 1360 gis,
323 1282 356 1341 et
379 1276 490 1342 miuus
515 1281 653 1342 oausutae
677 1297 717 1342 ex
742 1277 854 1342 formis
872 1276 1080 1353 diversorum
1096 1279 1268 1363 graduum

240 1365 372 1432 varient
394 1367 549 1472 speeiem3
571 1385 663 1430 secus
686 1386 728 1430 ex
751 1365 954 1432 remissione.

218 1453 286 1522 Art.
310 1455 341 1523 5
365 1454 413 1522 Ao
436 1454 546 1540 Aoqete
569 1457 635 1521 etot
656 1455 912 1539 incorruptibiles.
945 1457 979 1538 rt.
1004 1455 1074 1534 Sie,
1104 1457 1182 1542 quia
1206 1478 1266 1524 eo-

240 1548 317 1610 reut
340 1545 488 1624 materia,
512 1550 544 1610 et
567 1545 714 1628 operatio
737 1547 808 1629 ejus
831 1549 879 1612 est
902 1548 1042 1646 eeteruo,
1067 1545 1102 1612 id
1126 1552 1185 1628 est,
1211 1547 1267 1616 in·

242 1633 394 1721 telliguut
417 1640 589 1702 oeternum.

523 1791 525 1798 ‘
611 1812 790 1900 ouusuo
818 1811 863 1880 u.

244 1997 336 2066 De
365 1965 824 2080 comparatione¹
849 1997 1231 2080 Angelorum

543 2088 619 2153 ad
647 2103 930 2168 corpora.

213 2263 280 2334 Art.
306 2265 335 2332 i.
359 2264 408 2334 Ao
432 2263 542 2351 Aoooli
563 2265 620 2336 tob
622 2270 694 2332 eout
715 2282 841 2348 corporo
864 2267 1019 2333 oeterolit
1006 2264 1134 2332 tritior
1155 2269 1261 2337 territo.

235 2357 272 2436 ri.
295 2345 383 2442 Non,
408 2360 441 2423 et
464 2361 583 2425 natura
607 2353 837 2422 intellectualis
866 2374 986 2440 perse
1014 2375 1082 2424 nou
1091 2358 1263 2450 requirit

234 2465 365 2529 eorpus,
390 2447 453 2512 uisi
478 2467 537 2530 per
559 2445 719 2513 occidens.

211 2533 279 2603 Art.
303 2536 335 2602 2.
346 2535 406 2602 Ao
428 2535 539 2620 Aoqett
564 2543 720 2602 assument
745 2554 881 2620 corporo.
911 2555 942 2614 u.
980 2535 1032 2602 Sie
1058 2534 1260 2620 aliquande,

233 2626 311 2708 quie
345 2624 504 2691 videntur
539 2625 665 2690 visione
699 2626 878 2710 corporati,
908 2631 942 2691 et
971 2630 1260 2710 repraesentantur

234 2714 270 2780 in
294 2734 432 2798 corpore
456 2717 561 2794 moto,
588 2717 621 2778 et
643 2734 762 2798 eorpus
785 2735 853 2794 uon
878 2719 926 2780 est
950 2734 990 2779 ox
1014 2716 1107 2799 igne,
1130 2717 1190 2782 sed
1214 2737 1259 2783 ex

233 2823 310 2869 uere
333 2803 544 2882 condensato,
568 2803 624 2888 qui
649 2809 753 2889 potest
776 2804 931 2884 colorari,
956 2808 994 2869 ut
1018 2807 1106 2888 putet
1130 2803 1164 2869 iu
1191 2825 1260 2873 nu-

161 2915 163 2921 ·
234 2894 341 2958 bibus.
396 2909 398 2912 ·
1310 2895 1311 2902 ’

210 2981 277 3049 Art.
302 2981 332 3049 3.
356 2980 404 3049 Ao
427 2981 559 3067 Aoqetos
588 2988 622 3051 io
651 3004 775 3070 corpore
804 2991 954 3068 ossorooto
989 2991 1127 3052 exerceat
1160 3003 1257 3068 opero

230 3074 311 3139 otte.
336 3075 371 3156 rit.
396 3073 476 3153 Non,
500 3076 557 3140 sed
581 3095 679 3158 opera
703 3075 890 3141 eommunia
914 3093 990 3141 eum
1014 3095 1082 3142 uon
1103 3073 1258 3141 viventi-

233 3163 308 3240 bus,
341 3164 378 3226 ut
408 3167 456 3229 est
485 3168 608 3244 motus,
634 3165 769 3244 locutio,
794 3185 867 3249 quoe
890 3169 939 3231 est
961 3183 1073 3231 sensus
1097 3164 1255 3248 quidem,

231 3253 263 3314 et
287 3269 355 3316 nou
379 3257 427 3317 est
450 3253 583 3338 proprio
607 3255 744 3330 locutio,
769 3275 830 3326 uee
854 3257 987 3341 proprie
1009 3254 1168 3350 eomedit,
1193 3258 1254 3321 sed

230 3338 376 3409 Christus
399 3361 572 3429 resurgens
596 3363 674 3410 vere
697 3343 850 3410 eomedit.
