2622 4210
421 127 499 180 n1v1
523 125 668 180 THOMAE.
820 155 826 158 -
863 153 867 156 -
919 109 1009 178 ait
1052 143 1056 148 ·

421 351 600 440 Quaarro
623 353 656 422 i.

141 537 234 606 De
258 539 539 618 partibus
570 536 930 616 subjectivis

343 625 729 709 prudentiae.

20 805 81 874 Art.
107 806 139 875 i.
162 807 214 874 Ac
235 808 396 889 repecticc
418 807 462 871 cit
485 806 594 888 epactes
614 803 796 887 prudentia.
828 807 863 889 rt.
891 802 944 870 Sic
977 805 1056 891 quia

38 901 84 961 eet
105 896 256 980 specialis
279 895 364 960 ratio
388 894 556 980 regiminis
579 893 614 958 in
638 892 733 977 Rege,
757 895 810 960 vel
833 893 982 962 Civitate.

21 984 82 1052 Art.
104 986 139 1054 2.
161 985 211 1053 An
232 986 361 1068 politica
382 988 427 1056 cit
444 1001 517 1067 pars
538 982 719 1066 precantia.
743 985 779 1067 ii.
802 983 866 1063 Sic,
888 987 927 1052 ut
941 987 991 1050 est
1006 1005 1058 1050 rc-

41 1077 166 1181 ⁰²5th9
190 1073 371 1158 regiminis,
394 1093 460 1162 qua
482 1073 605 1156 seipsos
626 1071 776 1157 dirigunt
799 1072 985 1142 obediendo
1003 1093 1059 1141 su·

24 1167 237 1322 Amngrlfflts·
253 1253 452 1322 OEccacmr'cc
485 1255 530 1317 sit
560 1256 670 1336 specics
703 1252 884 1336 prudentia.
920 1255 955 1339 li.
989 1251 1057 1332 Sic,

41 1345 114 1450 qpia
138 1346 257 1410 domus
279 1348 330 1409 est
352 1343 459 1410 media
481 1342 571 1408 inter
592 1343 794 1428 singularem
818 1363 1006 1426 personam,
1026 1346 1059 1410 et

26 1437 219 1590 &iza-ten
238 1524 386 1589 militaris
407 1524 451 1588 rit
474 1525 584 1606 specics
608 1521 788 1606 prudentie.
819 1524 855 1608 ii.
882 1521 951 1600 Sic,
981 1521 1059 1608 quia

46 1612 75 1678 ia
98 1613 186 1680 bello
208 1617 288 1680 sunt
310 1612 415 1680 multa
437 1612 572 1678 consilia
595 1613 638 1678 ad
662 1613 867 1696 repellendos
890 1613 1009 1680 hostes.

412 1789 589 1876 Quesrrc
619 1789 665 1856 rr.

12 2011 13 2018 κ
146 1974 239 2040 De
261 1974 598 2041 virtutibus
624 1970 929 2054 adjunctis

344 2062 729 2145 prudentiae.

29 2239 84 2309 Art.
107 2241 141 2310 t.
162 2240 213 2308 Ac
233 2239 367 2310 Ecbclia
387 2243 432 2306 sit
451 2243 551 2308 virius
573 2243 715 2309 humana.
740 2243 776 2326 ii.
800 2240 862 2320 Sic,
886 2239 965 2328 quia
981 2239 1060 2308 facit

47 2332 125 2397 bene
148 2330 324 2408 consiliari,
346 2350 422 2413 quac
444 2330 480 2397 in
504 2331 596 2397 nuile
619 2335 791 2412 peccatore
813 2335 872 2398 est.

31 2417 85 2486 Art.
107 2422 143 2486 2.
163 2422 213 2489 Aa
235 2419 368 2488 Eubulic
390 2421 434 2485 sit
446 2422 544 2486 virtus
560 2419 704 2487 distincta
720 2420 926 2504 cprcdcatic.
943 2421 979 2503 ii.
995 2418 1059 2499 Sic,

47 2510 115 2592 quia
140 2516 189 2577 est
209 2509 424 2585 consiliativa‚
448 2514 481 2574 et
504 2510 681 2593 prudentia
704 2515 753 2576 est
776 2509 985 2594 praeceptiva.

33 2597 85 2665 tri.
109 2600 141 2666 3.
164 2599 213 2668 Ac
240 2599 363 2682 Sparsis
392 2601 502 2664 virtus.
531 2601 567 2682 ri.
600 2597 670 2680 Sic,
705 2599 783 2684 quia
816 2599 897 2664 dicit
929 2601 1058 2666 rectum

45 2690 200 2768 judicium
222 2687 311 2754 circa
333 2687 521 2771 operabilia,
544 2689 631 2754 circa
654 2708 729 2771 quae
751 2692 800 2754 est
824 2686 1012 2771 prudentia.

34 2775 85 2844 Art.
107 2779 140 2846 lc.
162 2779 213 2846 Aa
240 2777 353 2846 Gnome
376 2780 423 2842 cit
441 2779 540 2843 virtus
562 2779 711 2861 specialis.
736 2780 772 2863 ii.
787 2777 850 2856 Sic,
865 2796 939 2862 quae
954 2795 1058 2862 quan·

49 2867 115 2934 dam
139 2867 419 2954 perspicacitatem
439 2866 558 2950 judicii
580 2867 668 2934 circa
690 2868 807 2935 altiora
829 2865 989 2944 continet.

408 3043 586 3130 QcAEsric
610 3023 670 3112 iri

252 3230 344 3294 De
370 3226 526 3294 dono
552 3229 822 3299 Consilii.
912 3193 926 3212 '¹

39 3403 88 3471 Art.
116 3407 145 3473 i.
184 3405 233 3472 An
265 3405 434 3473 Consilium
468 3408 512 3472 sit
545 3407 626 3472 irater
660 3407 739 3473 donc
773 3407 908 3493 Spiritus
941 3409 1057 3477 Sancti.

55 3493 80 3576 i.
100 3495 161 3573 Sic,
185 3495 263 3580 quia
286 3499 348 3562 hcc
371 3496 482 3562 anima
505 3496 657 3560 redditur
681 3499 765 3564 bene
793 3499 923 3566 mobilis
945 3517 964 3564 a
986 3497 1059 3580 Spi-

55 3584 110 3648 ritu
139 3585 274 3662 Sancto,
305 3588 338 3650 et
365 3585 450 3651 Deus
474 3589 584 3650 movet
605 3587 790 3652 secundum
813 3587 949 3658 modurn
971 3589 1056 3670 ejus,

56 3675 132 3754 quod
164 3679 334 3751 movetur;
356 3678 390 3741 et
420 3677 518 3742 homo
547 3678 700 3742 movetur
727 3695 785 3759 per
811 3674 1058 3761 inquisitionem

58 3761 191 3842 rationis,
214 3762 336 3832 scilicet
358 3764 503 3844 consilio,
526 3784 592 3848 quc
614 3763 753 3848 Spiritus
775 3765 913 3834 Sanctus
936 3772 1057 3834 movet.
