2622 4210
275 105 340 178 27⁶2
535 121 580 170 nx
605 120 770 173 secono-a
797 121 974 172 sucosam

237 258 305 328 Art.
329 257 360 326 lo.
390 257 438 324 Aa
468 259 560 324 licoat
586 257 736 326 Advocato
764 277 822 342 pro
852 277 906 323 ouo
939 261 1112 340 patrocinio
1144 262 1301 341 occipere

204 406 208 433 q
256 351 428 432 peceatum.
453 349 488 430 ri.
511 347 574 425 Sic,
589 349 647 414 sed
666 349 845 427 moderate,
872 348 1078 416 considerata
1101 353 1291 414 eonsuetu-

231 517 232 520 ,
258 439 357 516 diue,
384 437 575 504 conditione
599 457 829 520 personarum,
854 438 1079 521 negotiorum,
1109 439 1292 516 laborum;

257 528 286 593 si
316 527 533 594 immoderate
562 533 770 611 extorqueat,
803 533 931 609 peceat,
963 533 996 592 et
1026 533 1166 592 tenetur
1194 527 1292 591 resti·

254 623 363 694 tuere;
395 617 484 684 idem
515 617 695 686 dicendum
726 619 768 682 de
797 617 937 695 Modico,
968 621 1003 682 et
1031 617 1102 682 aliis
1129 617 1293 701 personis

254 707 428 790 eJusmodi.
453 707 533 775 ltem
557 711 653 775 testes
676 706 838 792 accipiant
863 727 1032 790 expensas,
1058 727 1127 774 non
1151 707 1271 772 aliud.

509 877 517 936 7
590 841 769 970 quasue
800 860 963 954 exau„
1034 911 1035 914 κ

387 1073 478 1134 De
501 1072 749 1150 injuriis
773 1071 1129 1146 verborum,

234 1177 364 1240 quae
388 1159 742 1224 inferuntur·
769 1167 943 1224 extra
957 1159 1293 1239 judicium.

235 1346 302 1414 Art.
327 1345 357 1411 l.
380 1341 430 1409 Aa
453 1343 636 1408 contumelio
659 1345 807 1408 consistat
827 1343 862 1404 iu
884 1339 1053 1422 coordinat.
1069 1338 1219 1422 Proprie
1236 1341 1295 1416 sic,

214 1485 216 1490 s
257 1436 335 1519 quia
365 1432 498 1499 deducit
527 1431 562 1496 in
593 1433 745 1498 notitiam
776 1430 916 1494 aliorum
947 1429 1087 1512 aliquid,
1120 1430 1220 1512 quod
1248 1437 1296 1493 est

255 1529 372 1588 eontra
397 1525 556 1586 honorem
580 1521 734 1605 alicujus,
759 1521 875 1596 idest,
900 1520 989 1600 quod
1013 1519 1206 1600 percipitur
1233 1539 1296 1582 au-

216 1683 219 1689 ,
254 1613 328 1679 ditu
353 1629 412 1695 per
434 1613 554 1687 verba;
578 1613 635 1674 sed
659 1611 851 1676 extenditur
880 1609 979 1672 etiam
1009 1609 1052 1672 ad
1078 1609 1182 1688 iacta,
1214 1627 1294 1692 quoe

253 1703 364 1786 aliquo
400 1701 498 1766 modo
531 1699 719 1782 significant
747 1701 817 1764 loeo
847 1700 1043 1762 verborum:
1069 1715 1155 1766 ,nam
1189 1699 1295 1774 tacta,

255 1797 292 1856 ut
315 1812 355 1856 ex
378 1811 412 1854 se
436 1790 648 1866 inhonorant,
673 1794 751 1854 surot
774 1788 907 1854 alterius
930 1785 1060 1872 speciei.

234 1882 302 1949 Art.
326 1882 357 1948 Ξ.
381 1879 430 1946 Aa
453 1881 651 1954 contumelio,
682 1883 744 1945 aiae
767 1880 934 1944 convitium
957 1881 999 1944 sit
1019 1885 1177 1960 petentem
1207 1897 1293 1942 mot·-

258 1973 326 2042 tolc.
359 1972 395 2054 il.
418 1969 485 2046 Sic,
516 1968 601 2032 sicut
632 1969 776 2045 lurtum,
805 1973 838 2030 et
865 1968 997 2048 rapina,
1025 1965 1133 2031 sedai
1157 1967 1293 2031 dieitur

217 2090 220 2104 ·
257 2081 325 2126 raon
350 2079 425 2125 eum
449 2057 561 2123 animo
585 2057 831 2130 dehonorandi‚
864 2057 921 2122 sed
946 2059 1082 2140 propter
1104 2057 1294 2122 eorrectio·

257 2167 345 2227 nem,
369 2150 421 2212 vel
445 2147 535 2212 aliud
559 2147 760 2229 hujusmodi,
784 2145 848 2210 erit
872 2151 1043 2229 peraratum
1067 2144 1216 2224 oremale,
1238 2146 1291 2208 rel

257 2239 396 2315 nullum,
421 2237 498 2320 quia
523 2255 589 2300 noo
616 2243 664 2301 est
687 2235 869 2302 formaliter
891 2235 1105 2312 contumelia,
1129 2236 1184 2299 orel
1208 2255 1291 2300 eou-

221 2381 234 2410 „
257 2327 387 2404 vitium,
411 2324 476 2391 nisi
499 2326 730 2405 materialiter3
755 2323 818 2389 nisi
842 2345 883 2389 ex
905 2327 969 2389 laec
984 2325 1292 2406 auferaturhonor

256 2418 410 2500 alicujus,
434 2415 511 2500 quia
536 2420 642 2499 posset
666 2435 734 2480 esse
758 2414 912 2497 mortale,
943 2413 1070 2478 etiamsi
1093 2412 1135 2478 sit
1159 2419 1291 2498 praeler

256 2503 477 2573 intentionem
501 2505 720 2570 convitiandi.
1031 2527 1038 2588 '.

228 2647 229 2650 ,
258 2597 269 2618 *
293 2596 339 2660 te
364 2595 582 2676 Eutrapeliam
608 2594 752 2676 pertinet
775 2595 885 2658 dicere
906 2594 978 2657 leve
995 2592 1196 2670 convitium,
1217 2614 1288 2658 non

229 2711 230 2714 ¹
257 2686 297 2749 ad
320 2685 606 2766 dehonorandum,
632 2684 683 2746 vel
708 2683 974 2748 contristandum
999 2701 1093 2760 cum,
1118 2683 1155 2746 in
1181 2703 1290 2766 quem

257 2773 395 2851 dieitur,
424 2772 481 2835 sed
510 2791 605 2836 eausa
633 2771 874 2850 delectationis,
898 2777 931 2834 et
950 2773 1035 2853 joci,
1061 2773 1150 2856 qued
1175 2779 1290 2852 polest

255 2883 323 2926 esse
346 2862 417 2926 sine
441 2869 589 2943 peceato;
613 2863 671 2927 sed
694 2861 890 2926 contristare
914 2861 1056 2944 aliquem
1082 2865 1117 2924 ut
1140 2859 1219 2924 eliis
1246 2864 1289 2925 ri·

256 2971 310 3016 sors
345 2952 523 3027 excitetur,
554 2949 708 3016 vitiosum
738 2959 795 3015 est.
827 2951 906 3014 ltem
934 2937 1119 3014 comitium
1151 2952 1287 3015 dietum

258 3059 317 3122 per
337 3046 449 3124 jocum
474 3040 679 3104 intendendo
703 3045 833 3106 tantrrm
858 3040 977 3104 leviter
991 3041 1190 3104 contristare
1212 3043 1289 3106 sine

256 3129 442 3194 intentione
466 3128 707 3208 dehonoraudl‚
731 3130 795 3192 crit
820 3135 989 3210 peceatum
1013 3129 1155 3194 veniale.

231 3219 300 3286 Art.
325 3218 357 3286 3.
379 3218 428 3285 Aa
454 3220 566 3302 uliquis
597 3219 699 3284 deleat
728 3222 863 3300 irojtrrios
894 3219 953 3284 stet
986 3219 1091 3284 illotos
1114 3221 1286 3288 sustinere.

257 3311 292 3391 ol.
316 3309 378 3386 Sic,
402 3310 517 3374 saltem
542 3309 576 3374 in
602 3311 843 3391 praeparatione
859 3308 963 3373 animi
979 3327 1121 3392 semper,
1144 3307 1241 3374 sicut
1257 3317 1287 3379 et

235 3445 239 3452 a
256 3399 340 3466 velle
356 3401 494 3464 sufferre
509 3417 584 3482 quae
600 3406 715 3463 eontra
734 3400 904 3476 nostium,
922 3418 990 3463 non
1013 3404 1124 3464 tamen
1148 3416 1286 3482 semper

255 3493 347 3568 aetu3
377 3488 432 3552 sed
458 3485 657 3572 quandoque
680 3490 838 3554 debemus
862 3487 1020 3570 repellere
1044 3485 1185 3570 iniurias
1211 3488 1286 3556 illa·

256 3585 319 3657 tas,
358 3584 394 3642 ut
422 3577 622 3659 reprimatur
651 3578 787 3646 audacia
817 3573 1007 3662 injuriantis
1038 3595 1081 3642 ne
1114 3577 1178 3642 hoe
1201 3581 1284 3646 alias

256 3671 383 3744 tentet,
420 3668 472 3733 vel
508 3687 550 3733 ne
581 3667 740 3750 impediet
771 3667 936 3750 protectus
970 3665 1111 3734 aliorum
1142 3677 1284 3757 propter
