2608 4220
466 153 542 203 n1v1
565 151 710 204 rrronn.
995 133 1063 206 565

385 358 565 446 oonsno
587 358 772 428 exxxvnr.

210 544 214 556 '
256 543 349 608 De
373 540 602 610 iudicio
628 547 917 626 generali,

132 638 416 715 tempore
442 638 505 698 et
528 637 665 700 1000
688 637 753 703 in
777 652 895 717 quo
919 635 1043 701 flet.

63 809 133 879 Art.
157 807 190 879 l.
214 809 264 878 Au
286 812 427 894 peperolo
450 811 598 880 iodicium
620 814 665 879 sit
683 817 832 899 sutuucm.
864 815 898 899 rt.
934 811 1001 891 Sio,
1036 818 1108 897 post

87 900 377 980 resurrectionem,
401 904 435 967 et
458 905 539 968 tuno
560 905 732 987 apparebit
753 905 870 971 divina
889 903 1108 989 iustitia,quae

86 991 186 1058 modo
210 991 394 1057 occultatur
418 991 453 1056 in
479 991 603 1060 multis.

87 1082 98 1106 ²
122 1079 212 1146 Licet
235 1078 398 1147 iudioinrn
421 1080 464 1146 sit
487 1080 694 1164 particulare,
717 1087 751 1148 et
774 1083 970 1167 universale,
996 1085 1105 1147 tamen

88 1168 174 1236 Deus
198 1188 267 1236 non
291 1169 416 1236 indioat
439 1169 489 1236 bis
512 1169 547 1235 in
583 1171 760 1256 idipsum,
794 1172 872 1257 quia
901 1191 969 1238 non
1006 1172 1107 1236 iniert

85 1261 170 1329 duas
192 1278 306 1344 poenas
329 1278 391 1344 pro
413 1278 482 1326 uno
506 1264 649 1344 peooato,
665 1263 723 1328 sed
738 1263 966 1346 completque
982 1261 1107 1330 inlliota

86 1363 158 1416 non
182 1350 324 1416 fuerant.
679 1355 681 1362 '

61 1439 132 1508 Art.
156 1439 188 1507 2.
210 1438 260 1505 Au
282 1438 432 1506 iudicium
453 1441 509 1524 fiet
525 1458 581 1524 per
605 1441 784 1508 locutionem
814 1441 953 1508 votalem.
980 1443 1014 1525 ri.
1039 1441 1107 1508 lloo

82 1533 175 1596 oerte
197 1528 274 1595 seiri
297 1547 365 1596 non
389 1532 505 1613 potest,
528 1531 586 1596 sed
610 1534 658 1595 est
681 1532 867 1614 probabile,
891 1532 981 1616 quod
1005 1533 1106 1614 perfl-

83 1619 191 1686 eietur
214 1618 417 1699 mentaliter;
436 1619 493 1685 sed
515 1618 661 1686 Christus
684 1621 898 1706 corporaliter
921 1621 1105 1705 apparebit,

83 1713 124 1777 ut
146 1709 258 1775 iudex.

60 1798 132 1868 Art.
154 1799 187 1868 3.
211 1799 261 1865 Ao
285 1807 398 1882 templu
419 1799 526 1882 pistori*
544 1797 653 1868 ludicii
674 1802 718 1867 stt
738 1803 887 1885 tunulum.
912 1801 947 1886 ri.
970 1799 1033 1878 Sic,
1048 1800 1106 1866 sed

81 1888 145 1956 soli
168 1888 239 1956 Deo
262 1892 389 1955 notum.
586 1934 592 1948 .

59 1979 132 2049 Art.
156 1977 188 2047 l.
211 1978 261 2047 Au
283 1978 431 2046 iodicium
452 1980 511 2063 piot
541 1981 577 2045 io
598 1981 677 2047 volte
711 1977 864 2063 Iosoplot.
890 1980 925 2064 rt.
949 1977 1107 2046 Probabi-

83 2069 162 2135 liter
183 2068 347 2153 colligitur
381 2089 423 2135 ex
457 2066 638 2154 seripturis,
662 2070 751 2156 quod
786 2070 849 2136 erit
872 2067 959 2135 eirea
997 2070 1104 2136 locum

83 2157 207 2225 montis
229 2156 361 2237 Oliveti,
384 2159 475 2225 unde
498 2158 644 2225 Christus
681 2160 841 2239 aseendit,
863 2158 921 2244 qui
955 2159 1108 2243 praeemi-

84 2250 144 2314 net
166 2247 244 2314 valli
268 2248 426 2332 iosaphat,
449 2253 487 2314 nt
525 2249 720 2315 ostendatur
742 2250 832 2334 quod
855 2248 943 2314 idom
966 2254 1025 2327 est,
1048 2250 1106 2334 qni

83 2337 243 2416 aseendit,
267 2341 301 2402 et
324 2337 494 2404 deseendit
517 2338 574 2404 ubi
597 2358 717 2424 magna
740 2339 918 2405 multitudo
942 2338 976 2403 in
1000 2357 1104 2421 parvo

83 2425 191 2511 spatio
212 2427 450 2512 comprehendi
473 2431 594 2510 potest,
629 2432 662 2493 et
685 2429 790 2494 nubes
814 2446 882 2494 non
920 2432 1020 2493 erunt
1049 2445 1105 2492 va·

83 2534 180 2601 pores
203 2516 315 2602 aliqui,
337 2518 395 2583 sed
418 2517 595 2583 densitates
618 2515 701 2583 lueis
723 2517 974 2602 resplendentes
996 2535 1103 2583 aoor-

84 2607 222 2690 poribus
235 2609 435 2674 sanatorum.

418 2782 598 2869 oonsru
620 2783 746 2852 lxlix.

118 2965 210 3030 De
233 2963 644 3032 iudicantibus
671 2970 734 3030 et
757 2963 1044 3031 iudicatis

262 3055 328 3121 111
350 3054 578 3123 iudicio
608 3056 899 3134 generali.

56 3233 130 3302 Art.
156 3229 186 3297 l.
209 3229 262 3298 Au
283 3233 383 3317 aliqui
405 3234 539 3301 lomioes
561 3230 740 3299 iudicabunt
759 3249 826 3299 mm
852 3231 981 3299 cbristo.
1000 3234 1036 3316 ri.
1053 3230 1103 3299 lu·

82 3322 195 3389 dicare
220 3341 262 3387 ex
286 3323 420 3406 propria
454 3321 649 3389 auctoritate
672 3321 808 3388 ferendo
831 3321 1030 3387 sententiam
1053 3325 1101 3386 est

82 3410 183 3477 solius
205 3411 275 3492 Dei,
297 3413 355 3477 sed
393 3411 539 3478 indicare
577 3411 775 3477 sententiam
799 3411 863 3478 iam
902 3412 1001 3476 latam
1032 3430 1107 3493 pro·

83 3501 287 3581 nunoiando,
311 3501 469 3567 eonvenit
491 3501 572 3566 viris
596 3500 758 3584 perlectis,
781 3500 859 3584 quia
882 3500 960 3566 alios
975 3501 1105 3566 duonnt

83 3589 119 3655 in
143 3590 365 3675 cognitionem
389 3590 513 3656 divinae
536 3589 678 3668 iustitiae,
711 3590 756 3656 ita
790 3595 828 3655 ut
864 3588 1019 3655 revelatio
1050 3590 1100 3655 iu·

83 3678 181 3748 stitiae
203 3678 334 3750 dulor
355 3679 526 3748 iudicium.
549 3679 613 3748 Neo
635 3682 685 3746 est
711 3679 952 3747 inconveniens
974 3678 1099 3764 aliquos
