2622 4210
293 113 360 182 288
550 129 594 178 nx
620 127 788 179 snreuuna
812 127 990 180 securum

1163 207 1301 218 ...-

250 269 319 334 Art.
342 265 374 333 a.
398 263 447 333 An
468 272 606 349 peccator
629 263 731 332 deleat
752 267 906 348 corripere
928 263 1163 347 delinquentem,
1184 267 1224 349 ιι.
1241 265 1301 342 Sic,

271 362 304 422 et
327 358 523 422 debetcum
549 355 744 421 bumilitate.
788 415 790 420 .

249 448 318 514 Art.
342 447 373 512 6.
398 446 448 512 An
471 448 539 528 puis
561 445 666 512 delent
686 465 800 514 errrore
822 464 841 512 a
862 447 1050 513 correctione
1076 445 1112 511 ob
1139 447 1302 528 timoren,

271 557 309 604 ne
333 537 386 602 ille
408 539 465 619 fiut
485 535 627 602 deterior.
653 538 687 621 ιι.
710 534 761 604 Ob
787 536 990 642 probabilem
1013 536 1070 602 sic.

125 683 126 686 ,
197 677 206 682 -
250 628 320 694 Art.
343 627 376 694 7
398 624 484 693 dn
471 645 506 692 en
532 629 719 694 conatione
747 615 898 712 fraterna
915 625 966 692 deb
967 635 1017 692 eut
1049 627 1083 694 de
1117 630 1303 694 necessitate

267 719 412 803 pronepti
432 716 598 800 ιιιιιιιιιιιιι
620 717 788 783 admonitio
810 717 1080 785 denuntiationem.
1099 718 1134 800 ιι.
1151 717 1303 800 Quando

203 837 207 849 ι
272 813 443 891 peceatum
472 810 522 871 est
543 807 726 884 occultum,
755 811 788 872 et
811 807 1003 873 damnificet
1023 808 1129 874 satum
1157 825 1303 889 muan-

271 903 355 975 tem,
378 902 413 961 et
435 901 667 974 correctorem,
689 896 746 975 sie,
770 897 848 980 quia
870 895 992 962 suflicit
1013 896 1200 964 subvenire
1227 917 1303 980 pee-

271 986 371 1065 canti,
395 992 433 1052 ut
454 990 605 1066 serretur
628 988 733 1053 torma
756 989 836 1071 ejus.
860 987 898 1053 At
920 986 948 1052 si
973 990 1141 1069 peecatum
1169 990 1224 1052 est
1240 1005 1302 1070 pu·

272 1077 405 1154 blicam,
431 1096 498 1142 non
523 1077 622 1142 debet
646 1079 842 1160 praecedere,
866 1096 909 1141 ne
927 1076 1092 1160 impunita
1107 1082 1302 1160 appareant

272 1171 422 1251 peccata..
440 1165 520 1246 item
544 1166 570 1231 si
593 1171 673 1232 sunt
696 1170 830 1250 peecata
852 1171 988 1243 secreta,
1006 1165 1064 1233 sed
1080 1165 1206 1234 nociva
1225 1186 1302 1250 pro·

271 1259 363 1324 ximo
382 1257 419 1322 in
444 1257 685 1340 corporalibus:
709 1262 746 1321 ut
767 1256 794 1321 si
818 1255 892 1342 quis
915 1256 995 1320 velit
1018 1255 1150 1322 tradere
1176 1259 1301 1324 urbem

170 1341 172 1348 '
272 1346 434 1426 bostibds3
459 1348 510 1411 vel
535 1347 570 1412 in
593 1346 829 1430 spiritualibus,
853 1349 891 1413 ut
913 1345 1219 1430 baemtieumsuut
1235 1351 1302 1412 sta·

271 1437 331 1502 tim
355 1436 601 1516 denuntianda,
634 1434 695 1502 nisi
725 1435 799 1520 quis
822 1435 963 1502 tirmiter
986 1438 1116 1518 putaret
1137 1453 1177 1500 se
1202 1455 1301 1520 passe

271 1528 340 1592 haee
375 1526 459 1591 mala
495 1526 656 1609 impedire
694 1545 753 1608 per
786 1525 975 1608 simplicem
1009 1524 1299 1605 admonitionem,

264 1617 352 1700 quia
378 1615 412 1680 in
445 1615 495 1681 bis
525 1614 652 1682 casibus
684 1616 786 1681 trater
814 1635 883 1682 non
911 1619 1024 1698 peccat
1049 1616 1155 1682 sotum
1181 1614 1221 1682 in
1249 1621 1299 1690 te,

264 1705 386 1772 sedin
410 1705 499 1771 alios.
581 1724 585 1732 ·

269 1797 279 1820 ⁸
304 1795 384 1861 item
408 1795 434 1861 si
459 1794 621 1878 superior,
645 1815 700 1862 seu
725 1795 881 1862 Praelatns
906 1795 1064 1878 praecipit,
1089 1799 1126 1862 ut
1145 1795 1217 1862 sibi
1243 1797 1301 1862 de-

267 1888 393 1952 teratur
427 1886 563 1970 quando
596 1885 670 1969 quis
706 1885 840 1951 sciverit
877 1883 1002 1969 aliquid
1037 1884 1300 1988 corrigendum,

270 1973 466 2058 intelligitur
501 1993 633 2057 semper
665 1976 756 2042 solvo
790 1974 908 2040 ordine
942 1973 1180 2051 correctionis,
1218 1975 1300 2059 quia

267 2066 406 2131 Praelato
430 2084 498 2144 nan
522 2070 572 2130 est
599 2065 822 2132 obediendum
854 2069 970 2130 contra
994 2067 1200 2148 praeceptum
1225 2065 1299 2130 Dei

261 2155 348 2222 item
383 2141 538 2220 Praelatus
573 2173 642 2219 non
679 2157 785 2237 potest
819 2155 998 2238 praecipere
1031 2152 1156 2238 aliquid
1191 2173 1300 2237 super

261 2244 421 2322 occultu,
445 2243 507 2309 nisi
532 2242 643 2310 adsint
666 2244 923 2325 ιιιιιιιιιιιιιιιιι,
948 2249 1029 2310 tunc
1051 2242 1141 2310 enim
1166 2249 1298 2327 potest,

177 2399 180 2404 ,
267 2340 301 2418 et
323 2333 455 2419 exigere
474 2336 703 2418 juramentum
728 2335 769 2401 de
792 2294 931 2400 veritnt'c
955 2335 1078 2401 danda.

245 2407 312 2494 Art.
336 2423 368 2492 8.
390 2423 439 2491 An
463 2424 598 2492 inductio
622 2427 742 2493 testimr
764 2423 868 2491 deleat
893 2423 1058 2507 pauore
1087 2423 1301 2490 denuntiatio

269 2513 517 2600 rempublicam.
541 2517 578 2600 ιι.
601 2513 663 2593 Sic,
688 2515 751 2581 nisi
775 2515 878 2580 trater
902 2517 960 2579 tint
982 2513 1138 2580 deterior.

580 2692 795 2782 QUQAEsrto
822 2693 954 2764 xxxiv.

600 2835 722 2941 'De
748 2876 904 2946 odio„

246 3054 316 3120 Art.
341 3055 372 3120 l.
396 3053 446 3120 dn
468 3058 536 3138 puis
557 3059 655 3138 poscit
675 3055 772 3122 Deum
794 3055 862 3121 odio
884 3054 1002 3122 ιιιιιιιι.
1034 3057 1070 3139 ιι.
1102 3052 1143 3118 Ut
1172 3073 1299 3138 appre-

269 3145 426 3224 henditur
451 3150 659 3226 peecatorum
683 3146 820 3227 punitur
842 3145 898 3223 sic,
922 3163 1015 3212 secus
1038 3163 1119 3212 non.

246 3235 315 3301 Art.
336 3234 368 3302 ι.
391 3232 440 3300 Au
463 3234 564 3299 odium
586 3234 648 3300 Det
669 3239 712 3300 ιιι
734 3237 901 3302 munimem
921 3241 1124 3318 peccotoruru.
1157 3233 1193 3317 ιι.
1221 3232 1297 3313 Sic,

268 3324 345 3409 quia
374 3323 411 3390 in
441 3325 502 3389 boe
529 3322 681 3390 voluntas
703 3327 888 3391 secundum
916 3345 952 3390 se
978 3325 1141 3390 avertitur
1163 3343 1183 3390 a
1206 3323 1296 3406 Deo,

267 3420 301 3482 et
324 3421 374 3480 est
397 3414 601 3498 peccatum'
592 3433 626 3478 m
650 3413 811 3520 Spiritum
833 3414 1002 3480 Sanctum.

246 3506 315 3572 Art
339 3505 370 3573 3
395 3505 445 3570 An
469 3503 683 3582 conpendium
699 3508 838 3587 proripi
859 3508 1085 3598 eitpcecatum.
1112 3506 1148 3589 ιι.
1173 3503 1208 3573 ln
1234 3523 1295 3584 co,

250 3595 358 3680 quod
382 3595 480 3662 habet
502 3615 521 3660 a
544 3592 659 3660 Deo
632 3613 689 3674 sie,
712 3596 770 3662 scd
794 3602 832 3664 ut
855 3583 942 3662 mali
955 3599 1045 3674 sunt,
1073 3594 1106 3662 id
1131 3598 1189 3674 est,
1215 3611 1295 3677 pce·

268 3690 379 3752 calum
402 3684 519 3763 odisse,
544 3703 624 3750 uon.
793 3716 799 3726 ·
