2604 4210
271 121 337 191 sss
529 137 575 188 nx
599 133 765 188 snouuns
789 131 965 189 ssouuom

249 279 342 356 turae,
367 279 405 342 ut
432 295 501 342 suro
530 272 692 341 voluntati
723 271 979 358 relinqueretur.
1003 273 1083 340 ltem
1113 273 1150 338 in
1181 275 1272 337 statu

249 365 449 432 innooentiae
465 367 562 431 homo
586 367 714 447 poterat
728 362 800 428 sine
815 362 1009 430 difficultate
1027 363 1183 429 resistere
1198 364 1273 427 ten-

249 454 381 536 tationi3
402 474 479 522 nam
510 453 727 538 impugnatio,
750 451 805 518 oni
828 471 904 518 anm
927 452 1124 519 difficultate
1147 450 1273 516 resisti·

248 547 315 627 tur,
338 547 388 612 est
403 543 552 629 poenalis.

224 631 292 700 Art.
315 633 347 701 2.
370 631 420 702 Aa
443 636 541 718 [assit
560 633 740 700 conveniens
762 631 865 698 motas
887 637 916 697 st
938 630 1010 697 ordo
1031 632 1141 716 prima
1173 599 1293 724 unta}

249 725 354 792 toris.
378 726 412 810 ri.
436 725 498 805 Sia,
521 723 599 807 qnia
623 721 775 788 Diabolus
798 719 950 786 inaltavit
978 721 1187 788 intellectum
1211 697 1293 838 ρενζ

247 812 429 893 solentiam,
452 817 486 879 et
508 829 641 880 sensnm
660 830 719 896 per
742 830 889 895 pomum

580 987 759 1075 QUAES'lIO
785 987 908 1058 clxvt.

484 1175 575 1237 De
600 1171 1007 1236 studiositate.

225 1347 293 1417 Art.
318 1349 348 1416 l.
372 1348 421 1416 Aa
436 1350 565 1415 masaia
579 1348 783 1416 studiositatis
796 1349 840 1413 sit
850 1346 1131 1432 proprissopoitio.
1151 1347 1187 1430 rt.
1205 1345 1270 1424 Sia,
1292 1427 1293 1432 Ἰ

245 1439 392 1506 studium
416 1439 573 1522 importat
602 1438 780 1504 maximam
797 1437 1058 1520 applicationem
1080 1436 1202 1504 mentis
1226 1436 1270 1502 ad

247 1527 388 1614 aliquid,
415 1528 643 1613 cognoscendo
673 1527 772 1607 illud,
802 1531 835 1592 et
867 1525 914 1591 sio
946 1529 989 1593 ad
1023 1525 1270 1610 cognitionem,

247 1618 368 1683 deinde
391 1619 433 1684 ad
457 1617 520 1682 alia
542 1618 710 1700 operando
734 1635 793 1699 per
815 1615 1050 1701 cognitionem.

224 1705 292 1773 Art.
314 1705 347 1774 2.
370 1705 420 1774 Aa
441 1706 615 1772 studiositas
636 1709 680 1772 sit
699 1723 772 1790 pars
789 1708 1001 1790 temperastis.
1021 1707 1056 1792 ri.
1073 1703 1126 1770 ms
1149 1723 1272 1770 seeun-

246 1797 339 1862 daria
361 1796 392 1861 ei
415 1797 586 1878 adiuncta,
611 1799 648 1862 ut
671 1812 747 1879 pars
770 1794 967 1880 potentialis,
991 1799 1024 1861 ot
1047 1795 1271 1878 eomprehen-

245 1885 338 1952 ditnr
371 1887 433 1953 sub
467 1886 637 1952 modestia.
667 1885 746 1951 ltem
778 1883 948 1951 curiositas
983 1884 1180 1969 prohibetur
1211 1902 1272 1968 per

245 1974 486 2044 studiositatem
509 1976 724 2053 moderatam,
748 1980 782 2039 et
803 1975 850 2040 sio
873 1978 921 2041 est
944 1973 1177 2062 temperantia.

577 2151 757 2238 QUAES'tlt)
779 2151 916 2224 ctlllllt.

493 2335 585 2402 De
610 2337 990 2402 ourios1tate.

222 2510 290 2581 Art.
314 2510 345 2581 l.
368 2509 418 2580 Aa
439 2514 523 2580 circa
543 2515 748 2597 aopaitioasm
770 2515 988 2582 intellectivam
1008 2513 1108 2597 possit
1128 2530 1190 2580 asso
1213 2529 1265 2578 aa·

243 2604 378 2671 riositas.
402 2604 438 2688 rt.
460 2601 522 2683 Sis,
545 2609 579 2668 et
601 2603 729 2686 vitiosa,
753 2603 830 2688 quia
854 2603 890 2671 in
914 2623 952 2670 ea
975 2606 1082 2685 potest
1105 2601 1179 2668 dari
1202 2621 1264 2685 ap·

244 2692 364 2776 petitus
386 2691 606 2770 inordinatus,
629 2692 687 2778 qui
710 2699 759 2760 est
782 2692 962 2760 euriositas.
977 2692 1057 2759 ltem
1080 2691 1175 2776 sequi
1191 2710 1266 2774 pos·

243 2786 323 2848 sunt
346 2783 459 2848 multra
481 2781 754 2864 inordinationes,
770 2785 809 2848 ut
829 2783 857 2848 si
880 2782 956 2868 quis
976 2801 1019 2848 ex
1041 2801 1080 2848 aa
1101 2778 1266 2866 superbit,

243 2873 296 2937 vel
320 2890 358 2939 ea
382 2872 487 2938 utitur
517 2872 559 2938 ad
583 2873 804 2957 pensandum
827 2872 854 2937 si
877 2871 1025 2938 studium
1047 2875 1097 2937 est
1120 2870 1264 2949 malum,

244 2964 283 3027 ut
303 2961 331 3028 si
355 2963 412 3028 ilat
434 2966 570 3046 propter
591 2962 780 3048 superbiam
803 2963 856 3028 vel
880 2965 1067 3047 peceatum
1083 2960 1138 3027 vel
1159 2959 1266 3044 siper

244 3049 355 3116 minus
377 3052 458 3118 utils
479 3052 625 3119 studium
638 3051 819 3119 retrahitur
841 3053 885 3118 ab
906 3071 956 3128 eo,
972 3051 1062 3137 quod
1084 3050 1115 3118 ei
1138 3069 1181 3116 ex
1204 3071 1266 3116 ne-

242 3139 392 3206 oessitato
413 3141 593 3222 incumbit;
617 3143 670 3208 vel
694 3143 721 3208 si
743 3141 854 3208 studet
876 3140 1001 3208 dissere
1023 3141 1067 3208 ah
1088 3160 1139 3222 eo,
1162 3159 1265 3225 aquo

247 3249 318 3296 non
340 3229 426 3308 lieet,
449 3233 528 3295 uta
551 3230 732 3311 Daemone3
756 3231 810 3297 vel
834 3250 900 3298 non
927 3229 1023 3297 duait
1046 3230 1087 3297 ad
1110 3229 1265 3296 debitum

246 3321 365 3396 tinem,
399 3319 452 3384 vel
487 3320 515 3385 si
536 3320 648 3386 studet
681 3340 781 3405 supra
814 3321 1003 3388 laenitatem
1038 3318 1175 3405 ingenii.
1206 3319 1266 3385 llo·

244 3410 319 3475 ales.
344 3407 390 3475 3.:
415 3407 535 3476 Altiora
559 3414 591 3475 te
614 3431 657 3476 ne
679 3409 857 3496 quaesieris.

223 3497 290 3568 Art.
314 3497 346 3565 2.
368 3497 417 3566 Aa
439 3501 549 3566 sitim
571 3503 760 3568 curiositatis
784 3502 829 3568 sit
848 3503 931 3568 airaa
959 3501 1136 3568 sensitivam
1157 3501 1262 3583 capai-

246 3591 367 3656 tioasm.
392 3591 426 3674 ri.
451 3589 600 3675 cognitio
622 3591 779 3658 sensitiva
801 3590 829 3656 si
856 3589 1032 3659 ordinatur
1055 3591 1098 3657 ad
1122 3588 1264 3656 nenessi-

247 3683 349 3747 tatem
371 3684 499 3748 naturae
520 3682 754 3762 sustentandas,
777 3681 830 3748 vel
853 3679 1078 3766 intelligenda
1102 3679 1262 3762 veritatis,
