2652 4198
288 129 332 200 ιθ
621 143 667 196 ex
690 145 805 196 enirm
829 140 948 194 erere

267 297 512 382 proprietatem,
534 318 621 384 quae.
632 301 815 368 seeundum
830 318 925 369 suem
944 303 1099 369 naturam
1115 301 1313 386 adequare

266 393 301 454 et
323 387 457 471 proprie
479 389 637 457 convenit
660 391 725 468 rei,
747 390 800 455 vel
825 409 885 473 per
907 407 1096 469 excessum,
1122 395 1161 456 ιιι
1187 394 1313 473 perfe-

266 478 392 544 etiones
415 482 643 546 ereaturarum
665 478 753 560 Deo;
774 480 828 546 vel
852 498 911 563 per
936 479 1250 563 participationem,
1269 487 1314 548 ut

267 566 379 636 Deitas
401 567 575 636 erraturis:
600 570 658 636 sed
680 568 793 654 angeli
817 589 885 636 non
910 569 1130 638 nominantur
1161 589 1183 636 a
1219 590 1314 653 pro-

266 658 405 740 prietate
428 677 489 738 per
511 677 687 738 excessum,
711 677 745 723 v.
768 679 800 744 g.
824 662 861 724 ut
884 663 933 724 est
956 658 1140 741 proprietas
1155 658 1312 728 inferio·

267 746 421 832 ris,·qure
443 746 603 814 eonvenit
624 748 796 832 superiori,
820 749 879 814 sed
902 750 944 816 ab
966 769 1021 825 ea,
1044 767 1119 832 quar
1141 748 1192 814 eis
1220 771 1313 834 pro·

267 837 339 921 prie
362 843 395 902 et
417 839 588 922 adaequate
610 837 779 916 convenit,
801 837 848 902 sie
871 837 1061 922 Dionysius;
1088 839 1145 906 sed
1169 837 1313 925 Grego-

268 926 337 992 rius
360 927 502 995 attendit
525 927 690 994 exteriora
713 927 829 994 ollioia.

246 1015 314 1086 Art.
339 1016 371 1082 6.
395 1016 444 1082 Aa
458 1015 570 1100 prorius
587 1018 706 1084 ordinis
721 1020 934 1092 ooooeoioutor
948 1020 1156 1102 rationantur.
1176 1020 1213 1104 ri.
1233 1020 1311 1102 sic,

268 1108 305 1175 ia
329 1107 435 1190 prima
459 1106 643 1175 hierarchia
665 1112 745 1174 sunt
769 1128 827 1192 per
851 1116 1037 1192 respectum
1064 1109 1107 1174 ad
1129 1109 1259 1189 Deum,
1288 1133 1311 1178 a

270 1215 336 1280 quo
359 1195 477 1278 aeeipit
501 1197 644 1264 rationes
664 1199 792 1276 rerum,
816 1201 849 1264 et
871 1201 950 1266 tunt
972 1197 1145 1280 Seraphin,
1163 1197 1309 1268 Cheru-

271 1285 344 1364 bin,
373 1285 508 1352 Throni.
538 1284 575 1351 ln
604 1287 750 1357 secunda
772 1290 851 1354 sunt
873 1287 930 1371 qui
953 1292 1157 1372 cognoscant
1180 1307 1312 1357 eausas

271 1374 488 1452 universales,
508 1378 552 1447 ‚et
580 1375 713 1461 signant
742 1393 953 1443 communem
977 1378 1145 1462 quandam
1169 1381 1311 1462 guber·-

271 1463 451 1543 nationem,
475 1467 508 1529 et
530 1470 606 1532 sunt
628 1465 891 1544 Dominationes,
920 1465 1073 1545 Virtutes,
1096 1471 1129 1532 et
1150 1465 1313 1536 Potesta-

273 1558 329 1620 tes.
353 1555 389 1620 ln
409 1553 507 1620 tertia
529 1560 609 1622 sunt
630 1557 814 1624 seeundum
837 1555 1131 1626 determinationes
1154 1557 1200 1625 ad
1222 1578 1312 1642 spe·

271 1643 368 1709 eiales
404 1645 553 1724 effeetus,
582 1648 616 1710 et
649 1645 826 1730 designaut
853 1646 1064 1713 exoutionem
1098 1647 1225 1730 operis,
1274 1655 1313 1714 et

270 1739 350 1800 sunt
372 1732 589 1816 Principatus,
613 1734 817 1818 Archangeli,
842 1734 967 1819 Angeli.
1040 1733 1045 1744 '

250 1823 319 1892 Art.
343 1823 375 1892 7.
398 1820 448 1890 Ao
471 1825 592 1892 ordirer
615 1825 816 1893 remanebant
833 1834 903 1908 post
923 1826 1002 1895 diem
1024 1823 1150 1894 ludicii.
1175 1827 1212 1910 ιι.
1234 1827 1311 1908 Sic,

272 1915 381 1998 quoad
415 1914 643 1982 distintionem
674 1917 857 1999 graduum,
892 1935 966 2000 quae
1002 1922 1049 1981 est
1078 1935 1098 1985 a
1125 1915 1312 1986 differenti

273 2003 396 2087 gratia,
421 2008 455 2069 et
478 2008 615 2084 natura,
639 2023 713 2088 quae
735 2023 865 2088 semper
896 2005 1059 2085 manebis
1093 2004 1154 2073 sed»
1183 2011 1313 2090 quoad

272 2093 502 2158 executionem
525 2094 727 2172 oilioiorum,
753 2095 874 2176 partim
899 2097 1141 2174 remanebunt,
1171 2098 1313 2178 partim

273 2201 359 2260 non,
389 2181 466 2266 quia
490 2185 675 2249 manebunt
697 2187 734 2248 ut
759 2183 793 2248 in
821 2185 905 2262 une,
933 2188 1109 2258 cessabunt
1130 2187 1168 2250 ut
1191 2187 1240 2254 ad
1268 2191 1314 2254 li·

272 2289 361 2336 aem.
385 2271 466 2338 ltem
490 2275 564 2356 post
584 2272 674 2338 diem
696 2271 816 2340 lud-ioli
840 2273 990 2342 homines
1016 2293 1085 2344 non
1109 2273 1314 2356 perduren-

272 2363 328 2428 tur
351 2362 393 2429 ad
415 2362 565 2440 salutem,
589 2362 645 2429 sed
662 2361 719 2446 qui
735 2366 836 2429 erunt
849 2364 943 2444 salvi,
964 2366 1136 2441 habebunt
1151 2363 1313 2450 aliquam

273 2449 527 2519 illustrationem
552 2471 613 2535 per
635 2452 783 2536 Angelos.

253 2539 334 2622 Art„
348 2540 379 2609 8.
410 2538 459 2610 Αιι
487 2544 623 2610 lomioes
653 2549 849 2634 assumatur
879 2543 918 2610 oo
947 2544 1068 2614 ordines
1101 2541 1312 2628 lapsurum.

275 2633 310 2714 ιι.
344 2631 413 2712 Sia,
446 2633 557 2717 quoad
591 2634 731 2717 gradum
763 2633 898 2716 gloriae,
916 2635 992 2718 quia
1016 2639 1153 2718 possunt
1175 2642 1313 2707 mereri

274 2724 401 2791 tantam
432 2722 593 2806 gloriam,
625 2727 662 2788 ut
687 2727 862 2808 aequentur
884 2722 1013 2808 Angelis
1036 2725 1223 2794 seeundum
1249 2749 1314 2794 eo·

274 2829 349 2878 rum
373 2814 505 2896 gradus,
528 2816 562 2880 et
584 2810 773 2896 oppositum
796 2817 845 2878 est
867 2833 978 2894 error;
997 2815 1140 2891 sednon
1158 2825 1313 2899 possunt

273 2902 395 2980 assumi
417 2903 528 2986 quoad
551 2903 692 2986 gradum
717 2905 863 2982 naturae,
893 2903 971 2988 quia
992 2922 1314 2986 semperrernane·

260 2990 324 3060 ,ιιι
352 2989 519 3060 distinctio
551 2994 758 3061 naturarum.
791 2992 871 3058 ltem
901 2994 1041 3078 Angelus
1068 2992 1214 3072 interior.
1232 3015 1312 3065 uon

159 3131 162 3140 .
274 3084 380 3162 potest
402 3082 582 3150 aseendere
611 3083 654 3148 ad
688 3082 828 3168 gradum
858 3083 1040 3168 gratuitum
1069 3081 1312 3166 superiorum,

272 3170 358 3236 siout
381 3190 443 3241 uer
465 3173 509 3240 ad
532 3172 673 3256 gradum
698 3173 895 3252 naturalem,
910 3171 1110 3258 quiagratia
1128 3172 1175 3240 eis
1197 3174 1312 3242 datur

274 3259 458 3328 seeundum
484 3261 625 3346 gradum
649 3262 848 3340 naturalem,
873 3282 940 3331 non
963 3262 1011 3330 sio
1034 3260 1179 3340 homiui;
1198 3268 1241 3330 et
1256 3267 1312 3330 sie

275 3354 382 3432 potest
415 3351 596 3425 ascendere
625 3349 668 3418 ad
696 3351 895 3436 gratuitum,
926 3371 994 3420 non
1028 3351 1072 3417 ad
1102 3353 1309 3423 naturalem.

275 3437 357 3504 ltem
386 3439 498 3506 dicere
531 3439 622 3524 quod
651 3439 801 3508 homines
832 3441 1078 3524 transferantur
1111 3441 1155 3511 ad
1185 3460 1313 3528 poenas

275 3529 477 3614 daemonum,
498 3547 572 3600 uon
596 3532 645 3598 est
668 3549 772 3599 error.
