2636 4202
219 101 449 224 “td-W
574 135 620 186 cx
643 133 758 186 reim
782 133 901 190 rensc

239 263 272 320 et
294 247 433 338 Spiritus
456 253 594 320 Sanctus
610 274 678 320 non
694 256 773 320 sunt
790 257 948 340 tanquam
968 255 1101 322 edoctus
1117 273 1137 321 a
1152 273 1281 336 causa,

239 345 317 430 quis
341 363 408 411 non
433 348 516 409 esset
538 343 635 423 Deus,
659 347 775 410 contra
797 343 922 425 Arium,
939 364 1001 412 nec
1016 348 1055 413 ut
1069 362 1168 412 causa
1188 365 1280 431 pro·

238 435 325 501 cedit
349 435 383 500 in
407 435 559 500 eiieotum
583 437 698 500 contre
722 433 909 502 Sabeiiium.

239 527 251 552 '¹
274 525 370 609 Quod
393 524 542 608 procedit
565 525 607 589 ab
633 529 725 590 extre
757 524 856 590 debet
885 544 954 591 esse
984 524 1171 606 diversum,
1210 528 1280 593 sed

239 636 306 681 non
331 615 420 699 quod
444 616 487 680 ab
509 615 614 693 intra,
638 613 704 679 imo
732 618 857 700 quanto
885 613 1062 699 perfectius
1093 617 1278 700 procedit,

239 709 331 770 tanto
355 703 457 788 magis
480 708 529 770 est
552 722 658 769 unum
681 723 758 770 cum
781 723 830 794 co,
853 723 961 790 aquo
986 705 1146 788 procedit,
1169 706 1278 772 utin

238 794 306 860 Deo
330 795 471 860 infinite.

217 882 285 952 Art.
308 885 340 953 2.
363 883 421 952 Ars
435 885 538 968 etipsa
558 887 708 969 processio
740 886 774 952 io
797 884 912 952 divinis
943 882 1064 952 dicator
1091 887 1278 969 prosatio.

242 976 276 1057 ri.
299 975 366 1055 Sic,
391 974 446 1040 iiia
470 974 552 1057 Filii,
576 974 654 1059 quia
677 975 867 1059 procedite
892 974 1056 1061 principio
1080 975 1279 1058 conjuncto
1297 1009 1314 1034 ·

239 1065 332 1130 vitali
356 1084 414 1149 per
439 1065 574 1130 modum
598 1063 811 1149 intelligibilis
835 1063 982 1143 actionis,
1006 1064 1191 1130 secundum
1217 1085 1278 1131 ra-

242 1155 365 1221 tionem
388 1153 627 1233 similitudinis3
652 1173 729 1220 nam
752 1155 924 1238 conceptio
945 1153 1131 1220 intellectus
1153 1157 1208 1219 est
1225 1155 1277 1220 si·

240 1243 393 1311 mititudo
420 1243 469 1309 rei
500 1241 675 1310 intellectae
699 1243 734 1309 in
757 1244 873 1310 codem
897 1245 1034 1323 natnrs,
1057 1248 1091 1309 et
1114 1241 1189 1309 ideo
1220 1248 1278 1312 est

241 1333 329 1399 idem
363 1352 447 1413 esse,
481 1336 515 1397 et
550 1332 751 1417 intelligere3
786 1337 819 1398 et
849 1335 919 1400 haec
942 1332 1110 1417 generatio
1133 1331 1169 1399 in
1195 1331 1276 1400 Deo

241 1441 309 1490 non
340 1423 421 1489 dicit
452 1422 686 1502 mutationem,
716 1427 754 1488 nt
785 1424 819 1489 in
851 1421 1028 1502 creterris,
1059 1425 1093 1488 et
1116 1420 1275 1492 Verbum

241 1511 298 1578 Dei
329 1516 378 1578 εει
404 1512 473 1597 ipsa
495 1511 681 1578 substantia
703 1509 778 1592 Dei;
802 1512 877 1578 ideo
901 1511 1015 1592 Filius,
1039 1532 1108 1579 non
1131 1508 1179 1577 sic
1205 1533 1276 1580 no·

229 1607 358 1669 strum.

217 1689 284 1761 Art.
309 1693 340 1760 3.
364 1691 412 1760 An
437 1695 472 1758 ire
494 1692 608 1758 deiris
628 1699 740 1777 preter
766 1693 992 1776 promotionem
1024 1690 1112 1762 Verbi
1131 1693 1178 1759 sit
1198 1695 1275 1760 otio

238 1787 397 1866 processio.
423 1785 457 1867 ri.
481 1781 550 1860 Sic,
567 1782 708 1865 Spiritus
730 1781 851 1862 Sancti,
881 1781 938 1868 qui
962 1786 1012 1849 est
1032 1781 1115 1848 alius
1138 1801 1156 1847 a
1181 1781 1274 1852 Filio

239 1876 423 1941 secundum
447 1875 609 1940 actionem
627 1868 865 1940 immanentem
881 1871 1061 1939 voluntatis
1075 1872 1272 1940 secundum

239 1983 339 2048 qoem
362 1967 510 2031 amatum
533 1967 588 2028 εει·
605 1962 640 2030 in
665 1965 809 2043 emente,
832 1961 918 2028 sicut
936 1962 1140 2029 intellectum
1157 1959 1192 2028 in
1213 1961 1273 2030 in·

240 2054 426 2138 teiiigcnte,
460 2055 537 2120 iicet
570 2052 642 2123 eiiae
677 2056 806 2118 neturae
834 2056 952 2117 creetae
983 2054 1126 2118 habeant
1153 2069 1272 2119 unum

239 2144 376 2210 modom
405 2147 536 2209 tentum
566 2141 852 2220 communicandi;
885 2160 953 2208 non
984 2141 1156 2220 cieberis,
1183 2143 1272 2226 quia

239 2231 397 2316 quicquid
425 2236 474 2298 est
504 2233 539 2299 in
567 2230 651 2309 Deo,
676 2233 725 2295 est
747 2228 849 2309 Deus,
872 2235 906 2297 et
927 2231 974 2297 sic
996 2251 1056 2315 per
1072 2229 1272 2317 'quemlibet

240 2323 480 2404 processionem
502 2324 545 2387 ab
568 2320 656 2385 intra
679 2319 945 2386 communicatur
966 2321 1082 2388 divino
1106 2323 1244 2387 natura.

241 2413 252 2436 *
277 2410 364 2478 Licet
387 2412 421 2477 in
446 2409 512 2476 Deo
536 2410 721 2478 intellectus
743 2413 776 2474 ct
799 2409 953 2476 voluntas
980 2410 1048 2477 sint
1074 2411 1179 2489 idem,
1202 2415 1271 2480 sed

240 2501 317 2585 qnia
352 2520 445 2567 amor
479 2520 547 2566 non
583 2499 731 2581 procedit
761 2499 822 2567 nisi
848 2519 868 2565 s
892 2500 1108 2585 conceptione
1130 2497 1272 2568 intelic-

241 2594 323 2669 crus,
346 2589 421 2657 ideo
444 2589 606 2674 processio
629 2588 749 2667 amoris
772 2591 872 2655 habet
894 2589 1142 2656 distinctionem
1168 2591 1270 2657 ordi-

240 2679 302 2761 nis,
327 2681 378 2745 vei
402 2680 539 2764 originis
561 2698 581 2744 a
604 2678 809 2762 processione
832 2679 926 2745 verbi
951 2679 985 2745 in
1008 2679 1147 2747 Divinis.

217 2767 284 2835 Art.
303 2769 335 2837 i.
350 2769 398 2837 Ao
415 2772 563 2854 processio
579 2771 692 2835 emeris
707 2767 821 2836 dioiois
837 2771 871 2834 in
885 2769 929 2835 sit
941 2772 1108 2854 peroratio.
1126 2769 1161 2854 ri.
1177 2767 1268 2850 Non,

241 2859 318 2942 quie
342 2861 377 2925 in
402 2879 439 2926 ea
464 2880 532 2928 non
556 2859 741 2926 attenditur
764 2859 926 2946 processio
948 2858 1185 2938 similitudinis,
1201 2861 1269 2926 sed

213 2996 217 3003 -
242 2949 440 3032 impellentis
463 2951 498 3016 in
519 2968 595 3018 rem
618 2949 764 3014 votitam.

241 3037 416 3122 *Spiritus
440 3039 581 3108 Sanctus
611 3040 761 3125 procedit
791 3038 825 3106 in
856 3037 1074 3107 similitudine
1112 3042 1267 3123 neturae,

240 3129 318 3213 qnia
351 3133 400 3194 εει
434 3149 539 3196 unum
575 3147 650 3196 cum
686 3131 805 3196 natura
831 3129 964 3211 divina,
987 3130 1045 3196 sed
1068 3147 1137 3197 non
1159 3147 1202 3196 ex
1228 3131 1268 3198 vi

240 3218 466 3301 processionis.
489 3219 580 3286 idem
602 3219 726 3286 dicitnr
748 3219 900 3302 spiratio,
926 3220 1004 3305 quic
1027 3224 1076 3288 εει
1098 3219 1269 3305 processio

240 3307 386 3392 spiritus.
1136 3379 1140 3388 ,

218 3394 285 3466 Art.
309 3397 341 3464 s.
366 3396 415 3466 Ao
443 3402 478 3467 ιε
502 3397 569 3478 ,Deo
594 3401 661 3467 siret
692 3401 794 3485 ptores
820 3401 1025 3486 processiones
1059 3413 1148 3486 qoem
1182 3397 1267 3474 dere.

242 3488 276 3571 ri.
300 3488 386 3567 Non,
410 3490 487 3576 quio
511 3491 586 3556 duee
610 3495 740 3557 tontum
768 3493 912 3558 actiones
940 3491 1176 3570 immanentes,
1209 3491 1267 3561 in-

238 3576 395 3662 telligere,
419 3583 453 3644 ει
471 3580 570 3660 -νειιε,
595 3598 656 3646 nec
679 3584 727 3646 est
750 3583 891 3649 verbum
915 3597 955 3647 cx
978 3583 1091 3654 verbo.
