2614 4190
274 83 340 162 lit
386 145 388 152 .
536 107 583 172 ar
608 105 779 162 secuunu
803 105 983 164 sucurram

247 226 397 294 eundum
410 224 631 311 quantitatem
646 223 877 308 dimensivam,
896 223 972 292 ideo
986 222 1055 292 cim
1071 224 1188 310 partes
1201 241 1272 291 non

232 316 450 401 respondeat
473 313 621 400 partibus
642 315 716 384 loci.

225 406 294 478 Art.
317 404 350 474 b.
371 404 422 472 Aa
446 411 509 472 tato
530 408 688 490 quantitas
710 405 876 474 climentiae
897 407 1035 491 carparis
1074 403 1198 473 Clrists'
1229 407 1278 471 ait

247 500 283 565 ia
301 499 355 564 tue
377 503 574 563 suasano.
600 499 634 582 ri.
658 495 721 574 Sic,
745 497 823 582 qnia
847 497 1014 582 quantitas
1037 513 1106 561 nou
1136 513 1276 579 separa·

247 592 302 654 tur
324 586 508 652 secundum
532 605 600 651 esse
623 606 643 651 a
665 586 859 672 substantia,
883 590 916 651 et
939 588 988 651 est
1010 603 1071 668 ρει
1099 584 1276 650 εοιιεοιιιί-

247 675 399 752 tantiam,
423 674 508 741 sicut
523 680 557 741 et
572 674 683 742 amnia
699 675 880 741 accidentia
889 694 897 754 ;
914 678 947 740 ct
963 674 1129 760 quantitas
1146 672 1276 740 Christi

247 766 283 833 in
306 767 514 832 sacramento
537 785 606 832 nnn
629 769 678 830 cst
700 766 883 832 secundum
908 765 1043 830 modum
1072 764 1274 847 proprium;

245 856 305 922 sed
328 854 512 921 secundum
536 855 672 922 mudum
693 854 916 934 substantiae,
940 853 1041 932 idest,
1071 857 1109 920 ut
1129 851 1175 919 sit
1197 857 1276 921 tnta

244 945 281 1012 in
306 948 385 1025 toto,
407 948 470 1010 etc.

244 1035 256 1060 '
281 1033 372 1101 Duae
394 1034 593 1120 quantitates
616 1032 821 1100 dimensivae
844 1052 913 1101 non
936 1036 1074 1117 possunt
1095 1051 1167 1100 esse
1206 1053 1273 1102 na·

244 1124 397 1190 turaliter
418 1123 516 1190 simul
532 1123 568 1191 in
584 1124 700 1190 codem
719 1124 904 1190 secundum
924 1123 1061 1190 modum
1077 1121 1271 1208 proprium,

243 1212 318 1281 ideo
340 1213 506 1301 quantitas
528 1214 622 1296 panis
645 1217 692 1279 est
716 1213 770 1280 bic
793 1214 989 1280 naturaliter
1011 1213 1199 1280 secuudum
1218 1213 1273 1280 di·

242 1304 459 1382 mensionem,
482 1319 551 1369 nnn
574 1306 685 1370 autam
709 1303 877 1387 quantitas
899 1302 1045 1389 Christi,
1082 1321 1171 1386 quae
1195 1321 1271 1368 non

242 1393 437 1548 Extenditur
475 1392 563 1459 ultra
600 1392 821 1478 quantitatem
861 1393 1064 1476 specierum,
1092 1393 1180 1460 sicut
1203 1413 1271 1462 neo

230 1515 236 1522 ·
268 1481 399 1548 hristus.

219 1570 291 1640 Art.
314 1573 347 1638 b.
371 1573 423 1638 Aa
447 1571 694 1657 Ctriati'corpos
717 1574 752 1639 io
774 1580 965 1640 sacramanto
987 1573 1268 1641 sitsicutiarlcea.

247 1661 281 1747 ri.
306 1661 387 1742 Non,
412 1661 489 1746 quia
511 1662 601 1729 locus
623 1665 707 1728 esset
743 1662 855 1728 minor
876 1663 991 1743 locato,
1014 1663 1100 1728 idest
1123 1661 1267 1731 Christo.

245 1751 326 1818 ltem
349 1751 496 1820 Christus
520 1772 588 1821 nou
623 1755 671 1818 εει
694 1751 748 1818 bic
784 1771 844 1835 ρει
882 1753 1018 1820 modurn
1056 1753 1268 1838 quantitatis.

239 1841 319 1908 ltem
343 1841 524 1910 substantia
547 1842 651 1926 panis,
675 1840 728 1906 cui
750 1842 898 1908 succedit
920 1841 1077 1922 Christus,
1101 1861 1172 1910 non
1192 1848 1268 1910 erat

229 1935 278 1997 ιιι
293 1931 475 1999 inlncosub
489 1932 669 2016 speciebus,
687 1931 743 1996 sed
761 1951 820 2016 ρει
835 1933 972 2017 madum
987 1932 1196 2013 substansia),
1212 1953 1267 2000 er·

169 2095 173 2112 .
240 2039 281 2105 go
305 2039 367 2087 nec
389 2020 546 2090 Christus.
562 2021 640 2088 ltenr
653 2039 772 2104 corpus
788 2020 908 2088 Christi
933 2041 1001 2088 non
1025 2026 1075 2088 est
1091 2040 1267 2090 commen·

236 2111 384 2177 surativc
401 2112 436 2177 in
460 2112 529 2178 loco
545 2111 675 2178 ratione
689 2112 885 2194 specierum,
905 2111 991 2178 sicut
1007 2115 1078 2178 erat
1105 2114 1264 2182 subsun-

238 2199 283 2266 tia
307 2200 411 2283 panis,
435 2220 509 2285 quae
531 2206 604 2268 erat
624 2201 810 2267 subiectum
833 2201 1027 2284 specierum.

239 2289 251 2314 ·
274 2287 397 2373 Corpus
420 2288 539 2356 Christi
564 2309 631 2356 nan
654 2294 703 2356 est
717 2292 779 2357 sub
793 2291 963 2374 speciebus
985 2289 1262 2378 definitivaquia

237 2382 286 2444 εει
308 2379 409 2446 etiarn
431 2380 526 2462 alibi;
550 2398 612 2446 nec
634 2379 791 2459 localiter,
814 2379 892 2465 quia
916 2400 985 2447 non
1008 2383 1059 2446 est
1080 2400 1142 2464 ρει
1170 2401 1262 2450 ccur-

227 2469 520 2537 mensarationem
543 2469 686 2555 propriae
708 2468 918 2555 quantitatis3
942 2475 975 2536 ct
997 2471 1088 2555 quud
1111 2489 1182 2538 nnn
1218 2473 1262 2544 sit

239 2564 335 2627 extra
357 2560 499 2644 speciem
521 2558 719 2628 sacramenti
741 2559 849 2626 solum
872 2562 1000 2644 probat,
1022 2561 1113 2646 quod
1135 2560 1184 2628 ibi
1208 2562 1262 2630 in·

226 2647 322 2732 ¹cipit
344 2667 413 2716 esse
436 2669 497 2735 ρει
518 2647 781 2727 conversionem,
799 2652 862 2715 etc.
886 2647 966 2715 ltem
989 2649 1044 2716 ille
1081 2651 1174 2718 locus
1212 2654 1262 2720 est

237 2737 356 2820 plenus
378 2738 565 2824 quantitate
586 2738 782 2823 specierum.
805 2738 885 2805 ltem
908 2739 998 2806 locus
1020 2742 1069 2806 ast
1105 2741 1260 2810 accidens

225 2826 468 2910 ,extrinsecum
490 2829 566 2896 ideo
589 2847 658 2897 nou
682 2827 776 2896 venit
798 2829 1058 2896 concomitanter
1072 2848 1151 2898 cum
1166 2829 1260 2900 Chri-

234 2918 295 2999 sto,
317 2917 403 2985 sicut
423 2918 486 2987 alia
507 2917 701 2986 accidentia.
737 2963 741 2974 ·

210 3003 280 3074 Art
303 3005 336 3076 ll.
359 3007 411 3075 Aa
432 3027 540 3094 carpas
564 3009 681 3078 maists·
703 3010 739 3075 ia
766 3015 954 3076 seronato
986 3007 1181 3078 attonitis.
1220 3013 1256 3096 ri.

234 3093 380 3164 Christus
402 3100 586 3166 secundum
609 3102 672 3166 boc
694 3117 763 3165 esse
785 3101 876 3184 quod
898 3101 998 3166 babet
1012 3099 1048 3165 in
1069 3117 1257 3170 sacramen-

230 3188 279 3264 to,
302 3205 371 3254 non
395 3192 549 3255 movetur
572 3206 631 3273 par
652 3207 688 3252 sc
716 3190 899 3257 secundum
923 3188 1058 3268 locum,
1085 3188 1164 3274 quia
1187 3209 1255 3259 non

233 3279 282 3340 est
305 3277 463 3358 localiter,
486 3279 544 3344 sed
566 3294 627 3360 per
649 3277 802 3346 accidens
824 3279 867 3345 ad
891 3283 1018 3346 motum
1046 3278 1254 3362 specierum

229 3363 383 3432 similiter
405 3368 447 3432 de
469 3367 540 3432 aliis
562 3367 816 3446 mutationibus,
839 3387 943 3452 quare
965 3366 1113 3434 Christus
1135 3367 1254 3436 immo·

233 3454 343 3522 biliter
366 3460 414 3522 cst
437 3457 471 3521 in
495 3463 710 3538 sacramento,
733 3457 811 3542 quia
833 3458 868 3524 in
892 3457 979 3522 coelo
1003 3462 1050 3524 est
1073 3457 1213 3542 quietus.

210 3541 280 3610 Art.
305 3544 338 3614 7.
357 3545 408 3613 Aa
429 3564 537 3632 corpas
561 3546 678 3614 Ctriati
697 3554 734 3615 ot
753 3555 801 3614 est
820 3549 857 3614 is
881 3555 1068 3615 eoaomanto
1089 3549 1188 3632 poerit
1205 3552 1252 3616 ui-

232 3631 298 3699 clm‘
319 3634 357 3702 nt
379 3637 464 3704 acala
486 3637 669 3721 ploriptcutc.
693 3639 730 3722 ιι.
751 3635 834 3715 lion,
856 3637 937 3722 quia
955 3637 1140 3708 accidentia
1160 3635 1251 3708 Glrrl·
