2604 4210
441 148 520 200 mvi
546 147 666 201 rcum.
956 131 1023 201 sco

35 286 51 318 *
76 285 156 352 Fuit
180 283 375 363 liberalitas,
399 288 433 350 et
467 284 734 370 magnificentia,
758 303 824 370 qua
856 285 968 353 omnia
991 305 1069 354 con·

39 375 189 458 tempsit.
225 374 324 452 item,
347 373 410 439 fuit
444 375 682 457 temperantia,
706 375 784 460 quia
817 375 925 441 caruil
958 376 1068 458 pravis

37 463 332 548 concupiscentiis.
354 463 423 528 Non
441 467 553 528 tamen
577 463 784 530 continentia
799 465 982 531 secundum
998 463 1068 532 Ari·

37 554 205 632 stotelem,
230 571 303 636 quae
326 570 402 617 cum
418 553 542 618 eisdem
565 553 840 636 concupiscentiis
864 554 1017 621 luctatur.

18 641 86 710 Art.
113 643 146 710 3.
171 641 220 709 Aa
243 644 277 708 fa
304 640 424 708 utriaco
446 644 544 726 fucrit
574 642 656 726 fictos.
682 645 717 728 rt.
741 643 811 709 Non
836 643 912 728 quia
946 647 989 711 ab
1017 645 1068 711 in·

39 733 148 798 stanti
172 731 395 814 conceptionis
410 731 553 815 perfecte
576 731 663 798 vidit
679 731 784 797 Deum
808 751 867 817 per
883 733 1068 803 essentiam.

48 822 60 846 '
82 822 183 889 Fides
216 821 374 902 importat
401 820 546 905 aliquam
571 821 855 904 imperfectione·
873 821 906 887 in
932 824 1068 890 materia

43 912 164 978 nobili.
190 910 270 976 ltem
293 909 440 977 Christus
463 909 581 976 babuit
610 911 766 977 meritum
801 912 889 988 fidei,
913 912 990 996 quia
1027 933 1066 979 ex

43 1000 237 1068 obedientia
259 1000 498 1066 assentiebatur
522 1000 621 1066 rebus
634 999 722 1066 fidei.
745 1001 828 1067 item
844 1001 925 1066 fides
948 1001 1069 1085 impro-

43 1092 118 1174 prie
141 1089 267 1156 dicitur
290 1091 330 1154 oe
354 1091 453 1155 rebus
477 1089 564 1154 visis.

25 1188 89 1254 Art.
116 1180 149 1250 l.
173 1178 259 1246 Aa
246 1199 281 1245 ιιι
306 1178 426 1245 Ctrfsto
448 1180 547 1262 Ῑιιινιι
572 1197 647 1262 ιρις.
673 1181 708 1264 ιι.
732 1178 802 1246 Non
825 1197 917 1263 spem
944 1181 1067 1247 tbeolo·

46 1272 164 1360 gicam,
187 1268 265 1354 quia
288 1272 336 1334 est
359 1271 401 1334 dc
424 1267 490 1334 Deo
519 1287 587 1334 non
613 1269 742 1348 habito,
766 1271 805 1334 ιιι
827 1270 908 1336 fides
932 1271 974 1336 de
998 1289 1067 1338 non

46 1361 135 1441 vis03
159 1360 217 1424 sed
241 1359 284 1424 de
306 1358 470 1442 aliquibus
493 1357 565 1423 aliis
588 1357 714 1437 babuit,
738 1363 776 1425 ut
799 1360 842 1424 de
875 1357 1068 1427 immortul-

47 1455 114 1519 tate
136 1448 300 1532 corporis:
325 1449 367 1513 de
390 1448 483 1514 nullo
513 1451 625 1513 tanmu
649 1449 778 1516 obiecto
802 1448 896 1527 fidei,
920 1451 997 1536 quia
1021 1450 1070 1514 vi·

49 1542 150 1608 debat
173 1537 286 1605 omnia
308 1539 462 1622 perfecte.

31 1631 93 1700 Art.
117 1629 152 1698 5.
175 1626 225 1697 Aa
247 1629 284 1693 fc
319 1627 439 1694 Ctrfsto
467 1628 587 1710 fuerim
619 1627 706 1694 donc.
733 1628 768 1711 b.
791 1627 860 1704 Sic,
891 1628 968 1712 quia
991 1634 1071 1697 sunt

48 1718 268 1806 perfectiones
283 1716 520 1800 potentiarum,
536 1720 574 1780 ut
595 1720 676 1782 sunt
698 1723 783 1800 aptce
806 1720 932 1784 moveri
956 1737 975 1782 a
997 1717 1070 1802 Spi-

49 1812 116 1877 ritu
139 1810 265 1886 sancto,
289 1810 322 1872 et
345 1807 457 1872 anima
480 1805 599 1872 Christi
623 1806 857 1890 perfectissime
873 1809 1070 1874 movebatur

50 1921 68 1966 a
89 1897 219 1982 Spiritu
242 1898 367 1983 sancto.

50 1987 65 2018 *
85 1987 235 2056 cbristus
258 1986 315 2052 dat
338 1987 375 2050 ιιι
397 1984 504 2064 Deus,
529 1984 647 2068 recipit
670 1989 707 2050 ut
729 1987 845 2064 bomo,
868 2006 887 2052 a
909 2005 975 2071 quo
999 1986 1070 2071 Spi-

50 2080 132 2144 ritus
147 2078 281 2143 sanctus
304 2094 477 2159 nunquam
501 2074 634 2158 recepit,
646 2081 690 2139 'ex
702 2075 796 2141 cuius
806 2074 980 2142 divinitate
997 2095 1071 2160 pro·

51 2169 148 2235 cedit.
173 2165 264 2246 item,
286 2167 321 2230 et
342 2164 369 2229 si
392 2163 455 2229 fuit
478 2165 745 2246 comprehensor,
768 2166 830 2231 fuit
854 2169 887 2230 et
909 2166 1027 2233 viator.

34 2257 94 2325 Art.
117 2256 153 2324 6.
175 2252 226 2322 Ac
259 2256 295 2320 ic
319 2253 440 2320 Christo
461 2255 560 2337 fcerit
590 2253 699 2320 mcum
735 2256 864 2323 timoris.
890 2257 924 2340 ιι.
948 2255 1010 2334 Sie,
1033 2259 1071 2322 ut

53 2348 152 2414 timor
174 2345 255 2411 dicit
278 2343 500 2410 reverentiam
524 2342 723 2424 divinitatis;
747 2347 804 2410 sed
835 2365 901 2411 nou
932 2346 995 2410 fuit
1029 2346 1071 2410 ti·

53 2456 124 2504 mor
162 2432 377 2519 separationis
414 2453 433 2498 a
472 2431 668 2513 divinitate,
708 2435 759 2500 vel
798 2432 982 2516 punitionis
1028 2437 1072 2502 ob

53 2528 101 2593 cul
149 2543 193 2592 m.

53 2545 182 2682 *lazana
205 2611 388 2695 respiciunt
415 2614 540 2678 bonum
573 2629 633 2695 per
665 2630 710 2691 se,
734 2613 856 2679 malum
886 2633 927 2678 ex
960 2633 1072 2681 conse·

55 2705 179 2789 quenti,
202 2705 235 2768 et
256 2703 303 2768 sic
324 2702 367 2766 de
390 2701 516 2768 ratione
542 2699 622 2766 doni
646 2700 772 2768 timoris
791 2722 858 2769 non
872 2707 921 2768 est
936 2704 1071 2769 malum.

55 2794 132 2860 ltem
149 2792 290 2859 charitas
306 2789 398 2874 pellit
413 2791 566 2857 timorem
581 2790 745 2870 servilem,
762 2793 840 2877 quia
856 2791 989 2875 respicit
1001 2813 1071 2876 poe·

57 2903 131 2950 nam
157 2880 393 2966 principaliter.

38 2971 96 3042 Art.
120 2972 155 3040 7.
178 2970 228 3038 An
251 2973 287 3037 tn
319 2969 438 3038 Christo
460 2971 579 3054 [ιιιιιιιι
600 2972 710 3054 pretio
731 2973 830 3054 pratis
863 2970 950 3040 dulc.
975 2975 1010 3057 it.
1034 2972 1071 3039 ln

56 3061 181 3129 Christo
204 3060 400 3144 plenissime,
424 3060 460 3126 in
483 3059 604 3126 sanctis
626 3060 834 3127 dividuntur.

57 3148 237 3219 *Christus
260 3154 309 3216 est
330 3150 388 3216 Dei
412 3149 530 3228 virtus,
552 3152 591 3213 ut
612 3148 698 3215 Deus
721 3153 780 3230 est,
803 3150 905 3217 etsie
928 3171 997 3217 non
1020 3170 1072 3217 ac·

57 3241 134 3326 cipit
157 3242 245 3307 dona
275 3238 375 3324 gratis
398 3239 485 3305 data.
508 3237 600 3321 item,
624 3238 770 3306 Christus
803 3242 898 3307 novit
921 3239 1072 3307 omnium

59 3331 195 3416 linguas,
217 3329 274 3413 qui
299 3328 392 3394 novit
408 3329 508 3395 corda
531 3327 697 3409 omnium3
717 3347 783 3396 non
801 3332 933 3408 frustra,
956 3328 983 3394 si
1001 3348 1068 3395 non

59 3425 102 3486 est
127 3438 215 3497 usus,
231 3417 308 3503 quia
331 3437 399 3485 uon
415 3418 479 3483 fuit
494 3417 627 3483 occasio.

44 3507 102 3578 ιιι.
127 3509 160 3577 8.
184 3509 271 3574 Ao'
256 3527 293 3574 ra
317 3506 437 3574 Christo
460 3510 558 3592 fcerit
574 3509 743 3591 proptatta.
769 3511 803 3594 rt.
828 3508 890 3589 Sic,
913 3509 1073 3594 quiaerat

60 3601 174 3678 viator,
199 3601 232 3664 et
254 3599 368 3682 procul
392 3599 544 3664 videbat·
568 3601 601 3663 et
622 3597 669 3664 sic
691 3597 831 3685 Angelus
847 3617 915 3667 uon
939 3601 988 3666 est
1000 3611 1074 3683 pro·

62 3692 165 3772 pheta,
189 3687 267 3774 quia
288 3707 357 3756 nnn
374 3689 491 3754 viator.
