2604 4210
278 96 344 167 398
376 125 384 146 ·
534 113 580 163 nx
604 111 772 165 sncurrnn
796 111 974 166 succuum

255 250 369 316 cadem
393 268 430 316 re
452 249 572 334 gratia,
596 269 661 334 qua
694 254 743 316 ost
777 249 898 336 iustus,
921 253 954 316 et
989 268 1054 335 qua
1089 250 1215 316 influit
1251 249 1283 314 in

255 339 350 417 alios,
373 340 430 405 scd
452 339 613 406 differunt
641 340 785 417 ratione3
808 337 886 423 quia
910 338 986 404 licet
1015 339 1104 406 idem
1139 346 1194 406 est
1219 359 1284 423 quo

254 427 377 513 aliquid
401 431 449 494 est
471 431 555 507 actu,
580 434 613 495 et
634 447 700 513 quo
715 428 791 512 agit,
809 431 919 494 tamen
937 430 1095 495 differunt
1128 430 1284 504 ratione,

254 521 417 602 quatenus
440 520 553 585 cadem
577 517 681 603 gratia
697 517 842 584 animam
864 519 1059 600 sanctificat,
1075 521 1108 582 et
1134 517 1171 586 in
1201 518 1284 584 alios

254 606 375 672 influit.

255 695 365 762 'llaee
387 696 491 780 gratia
515 715 582 764 non
616 694 789 763 derivatur
816 717 837 762 a
870 700 990 763 natura
1019 699 1194 780 comupta,
1221 695 1281 762 sod

255 785 420 852 mediante
436 785 605 869 ¹personali
640 784 770 852 actione
793 784 926 867 Christi,
951 805 1012 852 nec
1046 785 1081 851 hi
1103 789 1205 852 actos
1233 805 1284 850 rc·

254 873 394 959 quirunt
416 875 547 942 habitus
570 875 751 941 distinctos.
776 873 856 940 ltem
879 875 984 960 gratia
1007 874 1142 942 unionis
1158 879 1218 942 est
1242 875 1285 940 ad

254 982 331 1042 esse,
354 965 413 1030 sed
436 964 610 1030 habitualis
632 966 746 1031 estad
769 969 891 1030 actum.
935 971 937 975 ’

232 1050 300 1121 Art.
324 1053 356 1121 6.
392 1052 445 1122 An
477 1073 538 1120 csse
570 1063 662 1138 copul
692 1053 834 1122 Εοοιιιιω
868 1058 913 1121 sit
941 1057 1102 1137 proprium
1142 1054 1283 1122 maroti.

256 1145 291 1228 rt.
315 1143 387 1209 Esse
410 1148 509 1228 caput
532 1163 591 1227 per
613 1144 776 1210 influxum
792 1149 841 1208 est
857 1145 1028 1227 proprium
1044 1143 1176 1224 Christi,
1194 1142 1282 1230 quia

254 1233 321 1298 sola
344 1232 530 1299 humanitas
553 1231 670 1299 Christi
695 1235 792 1300 hahet
815 1233 883 1300 vim
898 1233 1106 1312 iustificandi,
1129 1233 1216 1317 quia
1234 1236 1283 1298 ost

255 1322 349 1388 unita
371 1321 493 1390 Verbo:
509 1323 567 1388 scd
590 1341 658 1390 esse
680 1328 779 1406 caput
800 1321 950 1390 Ecclesiae
962 1323 997 1390 in
1019 1322 1280 1408 gubernatione,

254 1415 304 1475 cst
326 1429 599 1478 commonacum
622 1411 703 1488 aliis,
725 1412 784 1497 qui
807 1416 929 1496 gerunt
944 1411 1051 1478 vicem
1067 1410 1200 1490 Christi,
1221 1411 1283 1495 qui

254 1500 342 1567 scios
364 1504 412 1567 est
435 1499 570 1568 ostium:
595 1502 671 1587 quia
695 1519 754 1584 per
778 1501 884 1586 ipsum
907 1503 1013 1569 solum
1037 1503 1200 1568 habemus
1227 1519 1283 1567 ac·

254 1607 391 1656 cessum.

233 1678 301 1747 Art.
325 1679 356 1748 7.
379 1678 429 1748 Ac
449 1679 598 1750 Diabolus
618 1683 664 1748 sit
682 1687 775 1764 caput
798 1683 934 1749 omnium
966 1681 1126 1748 maioma.
1152 1681 1189 1766 rt.
1222 1680 1283 1746 Se·

254 1771 404 1838 cundum
437 1770 634 1838 exteriorem
668 1771 952 1854 gubernationem,
975 1771 1037 1848 sic;
1061 1769 1140 1854 quia
1171 1769 1281 1836 malos

254 1860 376 1927 avertit
397 1881 417 1928 a
437 1880 498 1928 suo
519 1861 598 1941 tine,
614 1861 821 1945 suggerendo
844 1859 999 1941 exterius,
1014 1859 1092 1926 licet
1115 1878 1185 1924 non
1197 1877 1280 1943 sug·

255 1956 347 2034 gerat
369 1951 480 2018 omnia
503 1955 644 2035 peccata,
669 1953 780 2017 tamen
803 1951 881 2035 quia
903 1950 997 2016 illum
1013 1947 1205 2028 imitantur,
1224 1947 1280 2012 vel

254 2043 383 2193 {ponte
406 2041 459 2106 vel
482 2061 524 2106 ex
555 2038 781 2125 suggestione,
804 2043 902 2124 caput
932 2038 1084 2108 omnium
1107 2037 1279 2104 malorum

282 2127 389 2195 icitur.
587 2151 594 2162 ·

233 2214 302 2285 Art.
324 2217 357 2286 8.
379 2216 429 2286 An
450 2218 659 2288 Achchristas
682 2220 773 2286 ctiam
793 2222 892 2302 possit
924 2219 986 2285 ilici
1013 2226 1105 2302 copul
1137 2219 1276 2284 moion

255 2308 415 2376 mulorum.
439 2311 475 2394 il.
497 2309 566 2377 Non
590 2312 633 2377 ah
659 2307 755 2376 initio
777 2309 906 2389 mundi,
928 2309 987 2376 sed
1010 2309 1168 2395 aliorum,
1192 2325 1277 2394 quos

257 2403 385 2467 avertet
406 2418 426 2466 a
447 2398 515 2466 Deo
536 2419 596 2467 suo
619 2402 778 2482 tempore.

626 2553 807 2663 Qunsuo
830 2576 880 2644 ιι.

236 2760 329 2830 De
345 2760 603 2827 scientia
620 2760 855 2826 christi
868 2760 932 2827 ln
947 2756 1274 2826 communi.

236 2937 306 3005 Art.
330 2937 360 3006 l.
382 2937 432 3005 Aa
456 2937 593 3006 Christus
626 2937 768 3007 haihait
793 2939 927 3023 oliqccm
960 2939 1136 3015 scientiore,
1158 2939 1272 3019 muter

259 3026 404 3096 clinicam.
428 3029 462 3112 ri.
486 3028 644 3107 Crealam,
668 3032 702 3095 et
723 3028 944 3113 cognitionem
969 3027 1172 3105 naturalem,
1198 3022 1274 3111 ignia

259 3117 405 3202 potentia
428 3118 531 3185 animi
552 3117 751 3202 perficienda
774 3120 832 3184 est

260 3210 271 3235 ¹
306 3206 453 3274 Christus
484 3207 620 3274 scicntia
660 3206 805 3274 increata
843 3205 954 3274 omnia
991 3205 1086 3274 novit
1118 3221 1196 3290 qun
1224 3207 1272 3268 est

259 3296 347 3364 idem
376 3297 467 3383 quod
496 3297 634 3362 essentia
662 3294 741 3377 Dei;
765 3300 798 3363 et
827 3317 870 3363 ne
898 3294 1047 3382 potentia
1082 3294 1203 3360 animae
1229 3291 1271 3358 sit

258 3387 390 3465 trustra,
414 3389 485 3452 erat
506 3386 643 3452 scientia
665 3391 878 3471 creataque
901 3384 1004 3472 magis
1026 3382 1176 3452 clarescit
1198 3401 1270 3448 cum

258 3476 395 3543 scientia
416 3473 541 3541 divina.
567 3475 663 3556 item,
685 3475 822 3544 scientia
853 3495 921 3542 non
945 3474 1068 3542 dicitur
1089 3475 1132 3540 (le
1154 3489 1269 3556 suppo

258 3563 331 3646 sito,
355 3564 418 3630 nisi
442 3565 569 3631 ratione
592 3567 730 3632 natura.
747 3564 839 3632 Unde
849 3565 996 3632 scientio
1013 3563 1049 3634 in
1073 3562 1201 3632 Christo
1216 3557 1273 3646 pc!

260 3658 388 3720 nuntur
409 3671 452 3719 ex
474 3658 567 3737 parts
588 3653 770 3732 unitorum,
786 3654 869 3723 idat
884 3659 1081 3724 naturarum
1099 3652 1135 3722 iu
1150 3671 1265 3739 suppo·

260 3741 333 3822 sito,
355 3758 425 3811 non
447 3760 490 3808 cx
512 3746 606 3826 parte
627 3741 770 3810 unionis.
