2608 4220
242 131 456 256 ‘ig-dl.-
582 159 628 211 ex
653 149 918 214 supocuucuro

254 279 296 344 de
318 280 418 358 coelo,
441 279 494 344 vel
517 281 761 366 generabituria
795 284 884 347 terra
916 281 1041 347 virtute
1066 279 1198 360 divina,
1222 283 1263 346 est

255 369 318 435 sub
341 367 510 452 opinione.

232 455 300 525 Art.
325 461 355 524 l.
376 456 427 526 Αιι
450 459 503 525 ille
525 461 609 543 epoto
628 459 890 544 perpetientem
912 461 1008 526 coelos
1030 462 1209 546 superiores.
1232 461 1262 543 rt.

253 547 337 630 Non,
360 548 527 633 quianon
552 548 702 634 indigent
735 550 941 635 purgatione,
965 551 1022 616 sed
1045 552 1153 616 solum
1177 547 1262 634 quie·

252 642 345 702 seeut
367 637 492 703 virtute
514 637 629 704 divine
652 659 670 705 a
693 657 753 705 suo
776 643 883 706 motu.

230 724 298 794 Art.
321 725 352 792 d.
369 725 419 793 Αιι
434 727 487 794 ille
509 729 593 812 ipris
604 728 668 794 olio
683 730 829 796 obmeoto
843 737 1005 796 consumet.
1019 731 1055 814 ul.
1071 729 1142 796 Non
1158 729 1260 813 quoad

253 817 480 898 substantiam,
502 821 536 882 et
569 818 750 902 qualitates,
773 819 831 885 sed
855 820 1089 902 purgabuntur
1124 819 1166 884 ab
1189 817 1262 882 inle-

253 906 362 972 ctione
384 909 552 973 coutraota
581 909 625 973 ob
647 914 778 993 peecata
800 907 985 987 bominum,
1009 912 1042 973 et
1065 911 1108 975 ab
1131 907 1263 990 impuri·

254 998 331 1076 tale,
354 1016 395 1062 ex
418 1001 533 1063 mutua
555 997 684 1064 actione
706 1000 801 1080 iacta,
826 1001 859 1063 et
892 1016 951 1080 per
989 995 1078 1063 illam
1103 996 1263 1081 purgatio

241 1105 346 1151 uem
355 1086 517 1152 elementa
539 1086 712 1172 acquirent
734 1085 974 1154 nobilissimum
996 1090 1138 1167 statum,
1162 1085 1242 1152 sed
1233 1105 1263 1149 m

252 1193 311 1242 sua
334 1176 455 1259 speeie.

230 1262 299 1333 Art.
322 1264 355 1332 6.
377 1263 426 1334 Ao
447 1267 551 1333 omnio
573 1267 719 1333 elemento
738 1285 794 1350 per
816 1266 941 1332 illum
927 1283 1029 1348 operm
1041 1263 1264 1351 perpetuetur.

253 1355 288 1439 ul
311 1355 398 1434 Nou,
420 1357 478 1422 sed
500 1357 605 1422 solum
629 1375 733 1442 usque
766 1354 808 1422 ad
843 1355 990 1421 medium
1014 1356 1099 1422 aeris
1122 1354 1266 1421 intersti-

253 1444 348 1525 tium,
372 1463 438 1529 quo
472 1464 576 1531 usque
598 1446 821 1512 ascenderunt
849 1465 943 1531 aquae
965 1445 1103 1522 diluvii,
1126 1445 1193 1510 et
1184 1444 1265 1530 ignis

253 1553 322 1601 non
345 1535 500 1600 ascendet
522 1535 610 1602 ultra
632 1555 731 1620 aquas
755 1533 872 1600 diluvii
895 1556 936 1601 ex
970 1534 1146 1618 scriptura.
1172 1533 1266 1612 ltem,

251 1622 402 1692 internus
426 1643 494 1690 non
519 1625 732 1712 purgabitur,
756 1623 823 1690 imo
847 1626 1078 1692 omnes'laeees
1108 1624 1188 1690 illue
1209 1624 1264 1689 ds·

250 1715 420 1782 seeudent.

228 1799 296 1870 Art.
321 1802 351 1869 7.
373 1800 423 1872 Ao
446 1806 529 1889 ipris
551 1804 803 1888 condeprotioois
826 1802 930 1871 debeat
949 1807 1034 1887 sequi
1056 1803 1215 1871 iodicium.
1235 1803 1265 1884 ri.

250 1892 331 1973 Non,
343 1894 401 1959 sed
424 1895 614 1978 praecedent
636 1893 808 1972 indicium,
833 1895 910 1978 quia
933 1893 996 1959 erit
1020 1900 1098 1960 ante
1121 1912 1265 1959 resurre-

250 1982 409 2062 ctionem,
431 2003 505 2068 quae
533 1984 696 2068 praecedet
718 1982 895 2068 iudicium,
927 1986 960 2048 et
982 1983 1198 2068 conflagratio
1222 1985 1266 2046 est

251 2069 418 2155 dispositio
442 2074 484 2139 ad
508 2073 799 2151 resurrectionem,
824 2073 900 2137 licet
922 2073 1031 2157 quoad
1054 2073 1201 2159 aliquem
1225 2073 1267 2137 el-

250 2163 382 2241 lectum,
406 2160 490 2227 idest
513 2164 685 2229 involvere
708 2163 820 2242 malos,
842 2163 1062 2246 subsequatur
1094 2161 1267 2228 indicium.

228 2249 296 2317 Art.
320 2253 351 2316 8.
373 2210 426 2316 Ἀιι
449 2252 538 2317 ille
525 2255 608 2337 spois
630 2251 791 2318 babituros
813 2253 856 2316 sit
879 2253 967 2317 telem
990 2252 1124 2332 effectum
1163 2255 1201 2317 in
1225 2255 1270 2317 to·
1291 2313 1292 2318 ,

248 2340 381 2409 minibus
403 2341 503 2424 poclis
537 2342 723 2426 deciperetur.
749 2343 787 2426 ri
808 2341 1007 2407 Naturaliter
1032 2360 1136 2426 aeque
1159 2347 1270 2424 ageret

245 2429 284 2496 in
308 2449 422 2497 omnes
446 2431 562 2512 malos,
591 2437 623 2498 et
646 2435 760 2510 bonos,
784 2430 848 2496 sed·
865 2435 902 2495 ut
931 2431 1198 2496 instrumentum
1222 2430 1270 2494 di-

138 2563 140 2566 -
249 2519 337 2586 vinee
359 2519 492 2585 virtutis
519 2520 679 2588 cruciabit
702 2520 818 2598 malos,
851 2518 930 2586 boni
961 2521 1094 2585 nullum
1122 2520 1269 2585 dolorem

248 2609 405 2690 sentient;
430 2611 595 2694 purgandi
627 2609 773 2676 sentient
801 2609 948 2675 dolorem
971 2608 1087 2694 magis,
1111 2612 1145 2674 et
1160 2609 1270 2674 minus

249 2719 309 2783 pro
336 2699 526 2766 diversitate
550 2700 759 2778 meritorum,
781 2698 839 2764 sed
869 2704 941 2783 post
972 2698 1133 2765 iudicium
1162 2701 1271 2766 solum

249 2791 323 2872 aget
339 2787 374 2855 in
390 2788 574 2870 damnatos.

226 2875 294 2945 Art.
313 2877 345 2946 9.
372 2877 421 2946 Aa
450 2878 504 2945 ille
531 2881 614 2964 ipris
637 2876 772 2948 torrotoet
803 2875 952 2962 reprobos.
969 2878 1011 2962 ri.
1035 2877 1097 2960 Sic,
1120 2880 1159 2944 ut
1197 2877 1271 2944 cali·

248 2968 320 3048 dus,
344 2972 377 3033 et
400 2970 624 3036 combustivus
648 2966 826 3034 descendet
849 2987 926 3035 cum
956 2968 1000 3034 eis
1039 2969 1074 3034 in
1099 2966 1272 3033 internum

248 3056 283 3123 in
319 3077 459 3143 poenam
495 3077 626 3138 eorum;
655 3059 713 3124 sed
752 3059 790 3122 ut
812 3061 861 3122 est
896 3056 1036 3137 subtilis,
1059 3061 1093 3123 et
1129 3057 1271 3135 lucidus,

108 3139 111 3150 ’
246 3148 431 3216 remanebit
452 3151 602 3236 superius
626 3149 668 3214 ad
692 3146 831 3233 gloriam
855 3148 1013 3214 maiorem
1039 3146 1236 3214 electorum.

586 3325 764 3411 QUAES'llO
786 3323 902 3398 LXXV.

373 3581 377 3608 ἱ
445 3509 537 3576 De
560 3497 1042 3576 resurreetione.

223 3677 292 3751 Art.
317 3683 347 3751 l.
370 3681 420 3750 Ao
443 3701 601 3768 corporum
622 3653 807 3751 resurreetio
830 3688 873 3754 sit
893 3687 1009 3771 soture.
1035 3687 1071 3772 rt
1095 3685 1165 3770 Sic,
1191 3689 1271 3775 quia

246 3775 296 3837 est
316 3773 359 3838 de
381 3771 457 3851 lide,
480 3775 514 3836 et
536 3774 695 3854 probatur
718 3774 840 3841 multis.
