2604 4210
432 103 509 155 o1v1
533 99 680 155 annun.
962 77 1029 152 ata

10 239 94 307 Art.
124 241 155 308 2.
179 241 231 308 An
253 244 366 326 aliquis
379 249 617 309 cctmccncreus
630 239 728 325 possit
741 260 801 308 cssc
815 242 1022 327 sincpcccatc.
1035 239 1072 324 ri.

38 330 118 409 Sic,
140 331 167 396 si
191 333 248 396 dat
267 331 377 398 debito
412 331 526 410 modo,
549 331 591 396 ed
614 331 749 414 ordine,
773 331 870 399 etad
893 332 995 400 unam
1018 349 1074 416 ge·

37 421 236 486 neratiouis
258 422 431 487 humanae.

38 507 56 537 *
86 509 202 578 Virtus
225 515 390 595 quantum
410 512 452 577 ad
476 531 686 580 communem
702 514 824 578 statum
847 507 980 577 virtutis
1004 527 1072 576 nou

39 599 250 682 impeditur,
281 599 344 666 nisi
368 620 425 684 per
449 608 631 685 peceatum3
668 603 724 668 sed
747 605 910 685 quantum
934 600 976 667 ad
1000 618 1075 684 per·

38 689 193 767 fectum,
226 693 331 772 potest
353 690 507 772 impediri
530 713 589 777 per
613 693 657 771 id,
681 693 769 778 quod
796 711 864 758 non
888 693 937 756 est
959 708 1074 774 pecea-

39 781 143 859 tum;
168 783 201 843 et
224 779 271 844 sic
294 798 370 845 usus
392 781 555 848 foeminae
570 782 681 848 deiieit
704 780 865 859 animum,
884 799 952 848 non
968 799 987 845 a
1004 778 1073 844 vir·

40 871 135 945 tute,
159 868 218 934 sed
240 870 283 934 ab
304 870 371 934 eius
395 871 605 952 perfectione.
1057 939 1060 952 ,

17 953 98 1023 Art.
124 957 157 1024 3.
181 957 233 1024 Au
257 959 399 1037 incuria,
429 981 503 1044 quac
526 969 571 1028 cst
591 964 675 1028 circa
704 967 788 1028 octus
818 977 957 1028 orneacus
977 957 1076 1042 possit

42 1065 115 1113 essa
134 1054 301 1130 peccatum.
326 1051 360 1133 d.
383 1048 445 1129 Sic,
469 1052 495 1116 si
520 1054 577 1117 dat
600 1055 716 1117 contra
739 1048 912 1129 rationem,
935 1049 989 1114 vel
1005 1066 1073 1114 nou

43 1142 187 1202 servato
209 1139 318 1204 modo.
990 1187 997 1202 .

45 1223 63 1252 *
89 1227 234 1294 Seminis
257 1227 386 1294 emissio
402 1228 500 1294 debet
516 1230 597 1308 tieri,
610 1233 648 1294 ut
662 1229 818 1295 convenit
841 1227 900 1296 tini
915 1227 958 1294 ad
973 1244 1074 1315 quem

45 1335 93 1381 eo
117 1336 201 1401 opus
224 1321 288 1397 esi;
312 1318 410 1402 quod*
424 1337 491 1384 non
507 1319 626 1386 accidit
641 1319 676 1383 in
692 1318 762 1384 aliis
782 1317 1075 1403 superfluitatibus,

46 1404 149 1485 Item,
175 1407 364 1491 principalis
389 1407 550 1475 Dominus
565 1408 670 1474 nostri
685 1407 831 1493 corporis
847 1411 895 1474 est
909 1407 1006 1486 Deus,
1021 1405 1076 1471 cui

47 1493 88 1560 in
114 1495 249 1564 luxuria
264 1497 302 1562 fit
317 1496 450 1576 iniuria,
466 1497 543 1581 quia
565 1497 724 1564 sichomo
740 1518 808 1566 uon
831 1498 939 1563 utitur
955 1516 991 1561 re
1004 1515 1075 1574 sua.

48 1583 180 1652 Vitium
215 1587 399 1670 oppositum
433 1587 584 1652 luxuriae
619 1592 667 1652 est
690 1587 938 1666 insensibilitaS,
972 1589 1006 1650 et
1028 1588 1077 1650 est

48 1677 191 1758 quando
215 1677 288 1760 quis
311 1677 355 1742 ita
378 1677 558 1742 detestatur
578 1676 754 1744 mulierum
785 1697 891 1758 usum,
915 1679 953 1744 ut
975 1673 1075 1740 etiam

50 1765 206 1830 debitum
231 1766 326 1831 uxori
350 1784 418 1830 non
441 1765 568 1832 reddat.

29 1851 102 1920 Art.
127 1855 160 1922 li.
189 1854 239 1921 Aa
263 1855 390 1924 incuria
410 1857 456 1920 sit
474 1859 584 1923 citium
607 1858 744 1940 capitale.
770 1857 804 1940 ri.
839 1855 907 1936 Sic,
934 1854 1012 1940 quia
1034 1873 1075 1919 ex

51 1945 206 2028 appetitu
231 1946 326 2011 buius
349 1948 448 2011 homo
471 1947 543 2009 fluit
566 1946 600 2012 in
625 1948 727 2024 muita
754 1949 896 2026 peccata.
996 2025 998 2030 Ι

31 2032 98 2099 Art.
124 2034 157 2100 5.
181 2032 231 2100 Aa
254 2036 466 2102 convenienter
489 2033 634 2101 dicantur
657 2055 716 2101 csse
738 2036 822 2118 filiae
848 2036 990 2110 incuriae
1013 2050 1075 2114 cae·

53 2127 130 2189 citas
154 2125 282 2206 mentis,
308 2125 561 2206 inconsideratio,
594 2128 818 2209 precipitata,
849 2123 1076 2204 inconstantia,

54 2233 141 2279 onor
163 2217 231 2296 aui,
257 2214 357 2281 odium
379 2213 455 2295 Dci,
478 2215 600 2294 affectus
620 2219 778 2298 prasentia
800 2216 920 2297 saculi,
957 2219 989 2280 ct
1009 2213 1077 2278 iror-

53 2323 107 2368 νον
129 2306 243 2387 tauri.
269 2304 303 2390 ri.
320 2303 382 2386 Sic,
395 2306 427 2370 et
442 2308 521 2370 sunt
543 2305 614 2372 aliae
637 2305 738 2390 (vide)
761 2325 835 2390 quae
858 2303 1078 2390 corrumpunt

55 2395 280 2477 prudentiam.

410 2571 587 2658 QUAES'ilO
610 2569 706 2642 CLIV.

210 2757 303 2823 De
326 2755 584 2822 luxuriae
606 2753 904 2838 partibus:

38 2931 101 3002 Art.
128 2933 159 3003 i.
183 2933 233 3001 An
256 2936 468 3001 convenienter
491 2936 686 3017 desiccentur
714 2952 768 3000 sca
789 2933 900 3017 specics
926 2929 1075 3008 tunurioe,

57 3025 143 3106 idest,
177 3025 307 3108 simpica
328 3026 505 3108 fornicatio,
540 3021 899 3107 adtrectanctantes,
926 3027 1075 3101 stuprum,

57 3124 175 3200 ruptiis,
199 3123 231 3182 ct
250 3116 360 3181 citium
393 3119 501 3180 contro
535 3122 687 3181 naturum.
713 3115 748 3200 ri.
771 3112 833 3193 Sic,
856 3110 934 3197 quia
954 3107 1077 3194 species

59 3207 185 3288 peceati
220 3204 365 3270 mortalis
400 3223 467 3269 non
491 3203 633 3269 sumitur
667 3225 708 3272 ex
731 3195 987 3278 circumstantia,
1019 3195 1077 3262 seit

58 3311 98 3361 ex
122 3295 262 3373 obiecto,
285 3293 374 3378 quod
396 3298 445 3358 est
468 3293 604 3359 materia
627 3315 701 3360 cunr
724 3295 841 3360 forma.

58 3384 308 3468 'Sacrilegium
331 3383 366 3448 in
390 3383 567 3448 violatione
591 3385 752 3463 mulieris,
786 3401 860 3469 quae
883 3377 975 3444 vovit
998 3395 1077 3442 cou-

60 3473 237 3542 tinentiam
252 3473 328 3545 Deo.
341 3475 390 3537 est
400 3471 566 3555 quoddam
583 3473 782 3540 adulterium
796 3467 975 3556 spirituale.
987 3466 1078 3564 itant,¹

61 3570 232 3647 peceatum
255 3561 422 3646 coniugati
444 3581 520 3628 eum
543 3581 600 3628 sua
624 3583 727 3632 uxore
751 3583 818 3628 non
835 3564 883 3625 est
897 3557 1080 3647 secuudum

62 3656 244 3722 indebitam
270 3650 452 3730 materiam,
475 3653 532 3716 sed
555 3655 738 3720 secundum
763 3653 840 3718 alias
862 3649 1080 3715 enaurnsun
