2608 4220
267 59 334 132 ΜΟ
570 79 616 132 cx
641 77 906 132 supercucnro

133 201 138 212 '
206 255 209 262 s
247 199 430 282 imponunt
457 218 576 266 manus
606 219 674 266 non
713 198 911 282 imprimunt
948 199 1184 274 characterem,
1205 194 1270 261 sed

245 289 346 356 datur
369 289 474 374 gratia
510 292 652 356 tantum.
677 289 768 368 item,
792 307 877 372 papa
900 290 1005 370 potest
1028 287 1108 352 dare
1130 284 1271 350 faculta-

242 383 310 445 tem
333 378 567 459 sacerdotibus,
593 400 662 447 non
697 379 867 464 episcopis,
892 381 929 443 ut
962 377 1087 460 possint
1109 375 1190 440 dare
1213 393 1271 440 or·

245 468 341 536 dines
365 469 522 535 minores.

206 554 288 626 nrt.
311 558 343 626 2.
366 556 416 626 ein
437 561 582 628 toereticr
604 559 641 626 ct
674 558 811 628 Ecclesia
836 558 969 641 praecisi
987 558 1109 640 possint
1141 554 1272 621 ordines

242 651 388 733 conferre.
415 652 450 734 ri.
474 649 543 727 Sic,
567 650 645 735 quia
669 669 728 733 per
751 649 893 714 haeresin
917 667 985 714 non
1017 644 1181 712 amittitur
1206 663 1273 726 po-

204 805 207 812 ,
242 741 341 807 testas
364 739 565 822 episcopatis,
590 738 729 816 undeni
752 739 961 815 convertitur
984 756 1053 807 nou
1089 734 1274 802 ordinatur

241 827 284 897 de
306 847 405 898 novo.
429 827 523 909 item,
547 829 592 898 ita
616 827 764 896 ordinati
788 830 935 912 peccant.

455 1055 458 1061 ¹
572 1098 753 1187 cunsno
779 1099 916 1170 xxxin

351 1287 444 1354 De
467 1285 922 1367 impedimentis
946 1283 1132 1352 huius

548 1377 940 1444 sacramenti.

216 1552 287 1623 Art
310 1553 342 1624 i.
365 1552 414 1624 An
436 1575 525 1623 secus
547 1559 713 1641 foemineos
736 1555 882 1640 impediat
894 1557 1111 1640 susceptionem
1135 1554 1270 1624 ordinis.

240 1645 275 1728 ri.
299 1644 361 1726 Sic,
385 1647 428 1712 de
451 1647 644 1714 necessitate
667 1647 842 1730 praecepti,
866 1648 899 1712 et
921 1645 1132 1712 sacramenti.

216 1732 284 1804 Art.
307 1735 339 1802 2.
363 1734 415 1802 An
435 1741 536 1820 pueri,
560 1745 746 1806 reserentes
779 1738 992 1804 nerestein
1019 1737 1143 1820 possint
1169 1736 1271 1802 susci·

236 1844 308 1907 pere
331 1825 463 1892 ordines.
490 1829 525 1911 ri.
548 1827 637 1906 Nou,
661 1828 703 1892 de
727 1827 918 1894 necessitate
942 1826 1098 1909 praecepti
1122 1844 1194 1891 non
1218 1845 1271 1890 sa·

241 1916 415 1993 crementi,
440 1916 622 1998 praesertim
641 1917 675 1984 iu
691 1917 792 1984 sacris
804 1919 847 1984 oh
863 1921 977 1982 votum
993 1914 1162 1982 castitatis.
1174 1913 1271 1990 item,

239 2003 274 2072 in
316 2004 473 2090 Episcopo
503 2006 686 2092 requiritur
720 2025 797 2076 usus
820 2007 956 2076 rationis
990 2007 1033 2073 de
1073 2004 1297 2074 necessitate

241 2095 508 2162 consecrationis.

215 2180 284 2253 Art.
308 2184 340 2252 3.
362 2182 413 2252 An
434 2189 566 2254 servitos
588 2187 734 2272 impediet
747 2190 964 2270 susceptionem
987 2186 1116 2254 ordinis.
1143 2187 1179 2268 ri.
1203 2185 1271 2264 Sic,

242 2275 284 2339 de
309 2274 501 2342 necessitate
525 2279 697 2361 pracepti;
722 2278 811 2344 idern
834 2279 1015 2344 dicendum
1038 2277 1080 2343 de
1103 2274 1176 2342 aliis
1193 2295 1272 2359 per·

210 2407 213 2418 ·
240 2364 330 2432 sonis
353 2365 514 2450 obligatis.
538 2365 619 2434 item
642 2387 759 2434 servus
782 2372 952 2451 promotus
975 2367 1100 2434 sciente
1116 2367 1269 2441 domino,

240 2458 273 2519 et
296 2474 363 2522 non
396 2457 598 2524 reclamante
629 2461 667 2524 iit
689 2458 791 2538 tiher;
813 2458 840 2526 si
879 2458 1057 2538 nesciente,
1080 2457 1268 2539 episcopus,

238 2544 352 2628 etqui
377 2546 602 2628 presentavit,
627 2552 786 2614 tenentur
823 2545 959 2616 domino
994 2546 1030 2612 in
1060 2547 1216 2630 duplum,
1241 2545 1268 2609 si

239 2638 367 2700 norunt
389 2653 458 2702 esse
487 2654 639 2703 servum:
664 2638 743 2704 aiias
765 2637 793 2704 si
816 2656 931 2706 servus
954 2639 1073 2706 haheat
1096 2636 1269 2718 peculium

239 2724 340 2790 debet
362 2744 396 2790 sc
420 2723 596 2806 redimere,
621 2727 753 2812 alioqui.
767 2727 881 2796 reduci
905 2728 940 2794 in
963 2727 1174 2794 servitutem.

208 2809 286 2882 Art.
309 2811 341 2881 t.
364 2814 413 2882 An
435 2816 586 2884 tomicidc
624 2817 821 2901 proterretur
860 2817 1011 2887 ordirron'.
1036 2818 1072 2902 ri.
1095 2815 1163 2894 Sic,
1187 2817 1268 2901 qnia

240 2902 440 2985 irregularis,
463 2925 556 2971 secus
578 2906 605 2972 si
630 2927 698 2972 non
722 2907 923 2993 irregularis.

217 2989 284 3058 Art.
309 2991 341 3058 5.
364 2992 414 3062 An
449 2995 629 3079 ittepr'timns
658 3004 801 3065 creentur
834 2997 870 3064 ct
899 2996 1015 3064 ordine.
1041 2997 1076 3080 ri.
1099 2993 1162 3080 Sic,
1187 2996 1268 3081 quia

241 3081 443 3162 irregularis,
467 3091 500 3149 et
523 3085 651 3169 indiget
673 3087 928 3171 dispensatione.

216 3168 285 3237 Art.
308 3171 340 3238 o.
364 3177 415 3240 An
434 3183 559 3259 propter
581 3176 726 3260 defecmm
741 3176 940 3246 membrorum
958 3176 1062 3244 deieci
1077 3175 1192 3258 clipeis
1208 3177 1266 3240 im-

236 3259 349 3416 Ρθᾶῑῖἰ·
374 3265 409 3350 ti.
434 3265 574 3350 Quando
602 3272 682 3336 sunt
719 3266 915 3353 irregulares
952 3266 1015 3348 sic,
1038 3269 1072 3331 et
1093 3267 1157 3332 sub
1182 3283 1267 3348 prae·

241 3369 300 3435 cep
316 3371 346 3419 c.
