2604 4210
288 109 355 178 368
562 128 605 178 rx
629 126 796 180 sueonos
821 127 998 180 snennnn

261 264 427 347 prophetie.
453 263 488 347 d.
511 261 598 341 Non,
627 263 685 328 sed
713 265 845 341 contra,
876 265 953 348 quia
976 265 1046 330 haec
1079 267 1130 332 est
1153 265 1194 329 ad
1220 283 1278 342 res,

264 352 319 418 illa
342 353 385 420 ad
407 371 514 420 voees.

573 499 751 614 Quaene
781 529 946 600 ccxxvn.

406 713 497 778 De
524 711 719 790 gratia
745 713 938 788 gratis
963 711 1119 788 data,

337 817 467 880 quae
491 802 775 866 consistit
798 801 863 865 in
887 816 1191 869 sermone.

242 977 311 1046 Art.
328 979 359 1048 l.
377 977 427 1046 Aa
443 981 479 1046 in
494 995 628 1044 samone
643 979 791 1044 consistat
804 978 907 1074 aliquo
920 981 1025 1062 pratia
1039 980 1138 1061 protis
1153 975 1235 1043 doto.
1249 977 1280 1060 d.

264 1068 325 1147 Sic,
349 1075 387 1135 ut
408 1067 585 1134 efficaciter
608 1064 772 1152 loquatur,
797 1070 835 1132 ut
858 1069 973 1132 doceat
987 1069 1029 1135 ad
1046 1069 1281 1132 instruendum

265 1158 479 1237 intellectum,
502 1159 544 1222 ad
568 1157 771 1222 movendum
805 1157 975 1236 aflectum,
1000 1160 1038 1223 ut
1060 1157 1204 1223 libenter
1228 1175 1301 1220 au

244 1248 361 1314 ¹diant
383 1250 524 1315 verbum
546 1245 621 1326 Dei;
655 1249 693 1310 ut
716 1245 861 1311 inflectat
884 1246 1034 1312 animum
1057 1246 1220 1312 auditoris
1244 1245 1301 1322 ad

265 1336 472 1420 implendum
496 1337 637 1400 verbum
651 1334 721 1412 Dei,
745 1337 833 1420 quod
850 1335 992 1401 libenter
1014 1335 1117 1401 audit.
1143 1335 1265 1400 ltem'
1236 1325 1301 1438 ‚⁸¹⁰i

267 1427 357 1512 loqui
381 1430 418 1491 ue
441 1447 459 1492 a
483 1424 622 1491 diversis
648 1424 803 1490 audiatur
831 1423 976 1507 pertinet
998 1426 1040 1491 ad
1070 1426 1198 1492 donum
1222 1424 1284 1488 lin·
1300 1493 1301 1504 χ

264 1535 415 1601 guarum,
438 1516 495 1582 sed
519 1520 556 1580 ut
579 1516 664 1581 bene
687 1515 841 1598 loquatur
864 1515 905 1580 ad
930 1513 1079 1598 gratiam.
1105 1515 1185 1580 ltem
1212 1533 1285 1598 gra·
1300 1513 1301 1596 j

264 1607 318 1670 tiae
341 1603 441 1690 gratis
464 1607 548 1670 datae
571 1604 728 1670 dantur
719 1624 754 1669 m
779 1603 955 1670 utilitatem
982 1604 1134 1670 aliorum.
1300 1611 1301 1688 ζ

265 1693 276 1720 ”
301 1695 471 1761 Rhetorica
495 1692 623 1778 perficit
645 1712 832 1758 sermonem
849 1695 946 1760 modo
971 1693 1124 1772 naturali,
1141 1695 1201 1762 sed
1216 1691 1301 1778 spi-³

264 1784 347 1850 ritus
369 1787 502 1850 sanetus
518 1782 730 1848 excellentius
746 1786 903 1866 operatur
920 1783 1134 1867 pergratiam
1158 1803 1284 1850 sermo·

266 1874 327 1954 nis,
351 1872 385 1941 id
407 1873 498 1960 quod
522 1876 626 1955 potest
649 1891 701 1936 ars
725 1873 855 1956 operari
878 1871 1028 1938 inferiori
1052 1872 1163 1940 modo.
1300 1919 1301 1924 κ

241 1960 309 2030 Art.
333 1961 364 2030 2.
388 1961 437 2030 Aa
459 1965 562 2046 pratia
583 1963 740 2044 sermonis,
756 1964 915 2046 snpientia
929 1965 1109 2029 cirecestrae
1129 1965 1301 2052 pertinuit

264 2055 355 2120 ctiam
378 2051 418 2118 nd
439 2053 589 2119 maliace.
614 2053 650 2135 ἀ.
674 2051 773 2136 Loqui
797 2053 927 2135 publice
951 2053 1010 2119 toti
1027 2053 1177 2118 Ecclesiae
1203 2073 1282 2128 non,
1300 2079 1301 2104 ι

263 2145 321 2210 sed
334 2142 490 2224 privatim
505 2143 548 2208 ad
564 2159 680 2220 unum,
694 2143 745 2206 vel
760 2161 880 2226 paucos
896 2141 1101 2210 familiariter
1116 2142 1285 2227 loquendo

265 2234 370 2314 potest
393 2230 455 2296 illis
478 2234 665 2314 competere
687 2230 791 2314 gratia
814 2231 985 2298 sermonis.

266 2322 277 2346 *
300 2319 411 2386 Gratia
434 2320 615 2403 prophetiae
638 2320 833 2388 conceditur
855 2321 1059 2401 mulieribus,
1076 2321 1155 2404 qnia
1178 2325 1289 2386 atten-

264 2409 357 2476 ditur
389 2412 574 2476 seonndum
606 2412 752 2476 mentem
787 2410 1047 2478 illuminatama
1077 2409 1160 2490 Deo,
1197 2411 1301 2494 unde

266 2519 334 2567 non
358 2503 406 2566 est
428 2498 614 2566 differentia
636 2517 776 2566 sexuum
790 2519 801 2568 :¹
824 2521 893 2568 non
915 2501 961 2567 sic
985 2498 1089 2586 gratia
1111 2499 1288 2576 sermonis,

265 2605 339 2674 quae
362 2591 404 2658 ad
427 2587 680 2657 instructionem
703 2589 878 2658 hominum
905 2591 1060 2676 pertinet.
1300 2587 1301 2592 ’

572 2767 751 2854 QUAESTlO
776 2767 954 2842 otxxvm.

368 2951 460 3019 De
485 2954 682 3034 gratia
707 2955 1164 3022 miraculorum.

243 3127 312 3200 Art.
336 3130 367 3197 l.
390 3127 439 3197 Aa
461 3133 506 3197 sit
525 3128 629 3216 atiquo
656 3133 760 3215 protea
793 3133 892 3215 protis
915 3130 986 3198 dcto
1008 3129 1048 3197 nd
1068 3127 1224 3197 miracola
1249 3131 1290 3214 so·

265 3219 381 3288 ciendo.
405 3221 441 3305 rt.
464 3219 525 3302 Sie,
548 3227 586 3287 ut
608 3239 716 3288 sermo
740 3223 886 3306 prolatus
912 3221 1146 3298 confirmetur,
1172 3223 1208 3284 et
1235 3221 1289 3286 liat

265 3309 430 3377 credibilis
447 3329 506 3393 per
521 3310 693 3390 miracula3
718 3316 750 3376 et
766 3311 906 3395 Spiritus
934 3313 1067 3378 sanctus
1081 3309 1289 3376 sufficienter

265 3399 411 3482 providit
434 3400 581 3468 Ecclesiae
604 3400 639 3466 in
663 3399 722 3479 his,
747 3405 924 3486 quaesunt
950 3400 1045 3467 utilia
1067 3401 1110 3466 ad
1132 3399 1287 3478 salutem,

211 3485 214 3492 '
265 3493 365 3574 prout
386 3493 466 3556 sunt
488 3490 602 3574 gratim
625 3488 725 3574 gratis
748 3491 850 3570 datae,
879 3495 913 3556 et
934 3489 980 3556 sic
1004 3509 1063 3574 per
1085 3493 1288 3572 supranatu-

265 3579 349 3646 rales
371 3581 519 3659 effeetus,
553 3578 637 3644 idest
665 3579 839 3660 miracula,
874 3580 972 3662 homo
1003 3579 1138 3646 ducitur
1159 3579 1204 3644 ad
1230 3579 1287 3648 ali·

265 3685 365 3754 quan
387 3669 673 3755 supranaturalem
696 3669 920 3756 cognitionem
935 3670 1199 3740 credendorum.
