2632 4212
247 133 312 216 tit
534 161 580 216 ex
602 159 717 217 emm
741 161 918 242 secusne

528 391 708 478 Qousrlo
731 391 913 464 LXXXVlll.
971 329 974 336 Ι

203 569 294 642 De
324 580 580 660 peceato
610 577 860 656 veniali,
891 581 954 642 et
978 575 1269 646 mortali.
1298 638 1301 724 Ι

202 751 271 821 Art.
295 749 326 822 l.
349 751 398 822 Au
441 762 574 824 erectum
595 753 713 822 oeoiule
736 756 950 822 conuenienter
965 753 1123 821 dividatur
1141 761 1273 822 contro
1301 734 1302 806 l

225 843 364 916 uuum
394 771 441 998 ιῗῖ
458 837 598 929 Proptie
629 859 712 924 non,
748 844 806 910 sed
841 835 971 910 tantum
1006 835 1269 926 metaphorice,
1302 830 1303 886 l

225 933 303 1019 quie
326 941 400 1001 moi
415 933 465 1001 ale
486 954 548 1020 pro
571 937 677 1002 morte
700 932 821 1000 anime
844 937 1014 1018 sumptum
1043 931 1134 999 tollit
1158 935 1271 1017 prin·
1303 926 1304 970 l

225 1020 349 1109 cipium
373 1023 599 1091 intrinsecum·
613 1023 794 1108 spiritualis
817 1024 912 1105 vitem
934 1025 994 1090 sed
1009 1021 1152 1101 veniale,
1171 1043 1269 1104 non,
1304 1024 1305 1050 ¹

214 1113 303 1198 ‘quia
326 1111 501 1180 deordiuel
524 1113 612 1181 circa
634 1111 754 1193 media,
774 1115 808 1179 et
823 1117 929 1198 potest
944 1111 1093 1198 reparari
1109 1131 1154 1178 ex
1173 1114 1268 1179 fine.
1305 1120 1306 1132 ¹

225 1199 239 1231 *
262 1201 436 1269 Peccatum
459 1205 502 1270 de
524 1203 672 1280 mortali,
703 1205 737 1268 et
759 1203 882 1270 veniali
911 1203 1035 1270 dicitur
1062 1202 1269 1287 analogice,

226 1295 265 1357 ot
287 1311 345 1364 ens
368 1293 411 1358 de
433 1294 627 1366 substantia,
643 1297 677 1358 et
695 1289 866 1358 accidente
881 1292 1065 1358 seeundum
1081 1291 1267 1358 rationem

226 1380 463 1464 imperfectam,
485 1381 563 1467 quia
587 1399 656 1449 non
680 1385 728 1446 est
750 1385 865 1448 eontra
889 1380 1004 1466 legem,
1032 1381 1090 1446 sed
1113 1384 1266 1464 praeter.

226 1469 307 1536 ltem
354 1489 469 1537 eccans
492 1471 669 1538 venialiter
686 1473 894 1538 convertitur
909 1471 950 1537 ad
968 1473 1093 1538 honum
1109 1473 1267 1554 utendo,

227 1567 295 1626 don
319 1491 473 1640 dueum,
497 1559 574 1646 duta
597 1569 666 1628 notu
690 1560 861 1653 constituit
884 1561 986 1626 linem
1009 1559 1045 1626 in
1069 1571 1117 1626 eo.

203 1645 271 1717 lrt.
294 1649 326 1716 Ξ.
350 1649 399 1716 Ao
419 1659 574 1735 peecatum
596 1652 740 1732 mortale,
771 1657 802 1716 rt
820 1650 939 1719 oculato
961 1646 1110 1734 dittruut
1126 1667 1264 1734 amere.

227 1740 262 1824 ul.
285 1739 356 1806 Non
380 1740 548 1826 loquimur
571 1742 613 1808 de
634 1740 759 1807 veniali
781 1759 823 1806 ex
847 1743 988 1820 eventu,
1016 1739 1069 1806 vel
1093 1741 1185 1825 quod
1214 1761 1265 1806 ex

226 1845 323 1896 eausa
346 1829 445 1897 habet
468 1831 559 1898 unde
582 1833 715 1898 veniam
738 1833 969 1916 consequatur,
993 1829 1050 1896 sed
1066 1829 1114 1894 de,
1123 1829 1263 1896 veniali

226 1917 382 1999 totaliter,
406 1920 459 1987 vel
482 1931 524 1986 ex
547 1940 668 2007 genere
691 1936 761 2000 suo,
785 1921 875 2004 quod
898 1939 966 1986 non
990 1918 1076 1985 tollit
1093 1917 1263 1987 ordinem

181 2005 183 2012 ’
226 2009 269 2075 ad
292 2009 447 2076 ultimum
470 2011 583 2089 finem,
607 2014 641 2076 et
662 2009 709 2077 sic
731 2007 948 2096 distinguitur
974 2027 1095 2094 genere
1118 2027 1138 2074 a
1161 2027 1263 2074 mor·

227 2095 295 2176 tali,
319 2098 436 2179 idest,
460 2116 501 2164 ex
524 2101 662 2184 obJeoto,
686 2099 777 2186 quod
801 2116 868 2165 non
892 2100 1061 2184 repugnat
1080 2097 1257 2177 charitati,

227 2187 264 2252 ut
287 2189 429 2254 verbum
452 2187 609 2254 otiosum:
638 2190 695 2254 sed
723 2188 863 2254 mortale
885 2208 926 2254 ex
950 2207 1071 2273 genere
1093 2205 1163 2267 suo,
1188 2205 1259 2254 seu

227 2293 268 2340 ex
291 2277 420 2362 objecto
449 2281 624 2362 repugnat.
653 2277 734 2344 ltem
765 2277 895 2344 veniale
919 2297 960 2343 ex
983 2296 1104 2363 genere
1126 2295 1187 2342 suo
1213 2279 1260 2343 fit

228 2366 366 2431 mortale
388 2385 429 2432 ex
452 2371 545 2451 parte
567 2367 751 2452 operantis,
781 2367 834 2431 vel
858 2365 936 2452 quia
966 2367 1002 2433 in
1027 2385 1065 2432 eo
1090 2365 1185 2450 ponit
1209 2367 1258 2431 ii·

228 2473 305 2521 nem
341 2455 513 2537 ultimum,
549 2458 601 2523 vel
636 2457 715 2543 quia
742 2457 876 2523 ordinat
899 2457 934 2523 id
958 2457 1001 2523 ad
1024 2454 1180 2535 mortale,
1212 2461 1257 2522 ut

227 2546 368 2612 verbum
402 2548 543 2613 otiosum
572 2547 614 2612 ad
642 2545 908 2613 fornicationem.
939 2545 1020 2610 ltem
1045 2545 1183 2612 mortale
1206 2564 1256 2611 ex

227 2653 360 2718 genere,
383 2653 425 2701 ex
447 2640 541 2720 parte
563 2636 691 2721 agentis
714 2637 751 2702 tit
774 2634 913 2715 veniale,
937 2637 1071 2720 quando
1089 2639 1182 2701 actus
1199 2636 1256 2699 'est

227 2723 447 2808 imperfectus,
472 2728 505 2792 et
527 2742 596 2792 non
620 2725 718 2808 plene
742 2723 951 2790 deliberatus.

204 2809 273 2879 Art.
302 2811 334 2879 3.
367 2813 417 2882 Au
442 2822 598 2900 peecatum
630 2816 749 2882 veniale
783 2815 827 2879 sit
853 2814 1011 2899 dispositio
1038 2813 1078 2882 od
1108 2813 1255 2883 mortale.

228 2903 263 2986 ut.
285 2900 355 2968 Non
378 2904 513 2986 directe,
538 2905 616 2992 quia
640 2923 709 2971 non
733 2903 869 2969 suntin
894 2904 1011 2970 eodem
1035 2908 1250 2991 genereuel

225 2990 344 3073 speeie,
367 2997 426 3060 sed
447 2994 611 3062 indirecte
634 3013 676 3060 ex
699 2993 842 3079 quadam
865 2994 1115 3078 consequentia,
1145 2995 1182 3057 ut
1206 3014 1253 3060 ex

226 3082 321 3162 parte
350 3083 486 3166 agentis.
517 3103 549 3148 v.
581 3104 613 3169 g.
644 3083 778 3168 quando
807 3100 868 3165 per
898 3082 1028 3149 veniale
1055 3083 1101 3149 ita
1130 3083 1253 3149 crescit

227 3168 330 3235 libido
353 3172 523 3253 peccandi,
547 3176 584 3237 ut
606 3191 746 3256 peccans
769 3175 872 3254 ponat
894 3171 1050 3238 ultimum
1074 3174 1185 3250 finem,
1211 3172 1251 3238 in

227 3257 348 3324 veniali
356 3278 366 3338 ;
390 3260 443 3325 vel
466 3257 692 3346 disponendo,
718 3264 756 3326 ut
778 3259 877 3345 eligat
899 3262 1038 3328 mortale
1061 3281 1102 3327 ex
1125 3279 1253 3346 genere

227 3345 400 3428 indirecte,
424 3351 628 3416 removendo
651 3348 841 3434 prohibens.

205 3434 716 3523 Art.l.1lopeccotumoouiute
742 3441 841 3523 posuit
867 3443 938 3526 fieri
967 3441 1104 3508 mortulo.
1136 3441 1171 3524 ui.
1201 3440 1250 3507 lta

228 3526 331 3592 ut'sit
353 3527 441 3595 idem
464 3534 571 3608 actus,
595 3548 683 3611 non,
705 3529 783 3614 quia
806 3531 966 3596 differunt
995 3530 1028 3596 in
1058 3529 1248 3604 infinitum,

227 3619 261 3680 et
284 3623 441 3685 manente
463 3621 538 3685 actu
562 3617 597 3684 in
622 3620 793 3685 voluntate
818 3639 884 3685 non
903 3616 1052 3686 mutatur
1067 3625 1168 3702 aetus,
1187 3621 1248 3686 sed

228 3705 334 3785 potest
356 3707 433 3772 deri
468 3709 606 3776 mortale
639 3707 827 3790 dupliciter.
862 3707 971 3776 Primo
1003 3710 1035 3773 in
1066 3710 1187 3774 veniali
1220 3709 1248 3774 si
