2604 4210
276 87 341 184 fen
534 124 579 182 ax
603 120 770 184 saccom
793 121 970 184 sacnxorr

254 287 313 351 pra
337 287 547 333 communem
570 266 770 347 castitatem,
800 270 838 332 ut
866 266 966 331 habet
989 263 1185 349 virginitas3
1213 267 1285 330 haec

251 358 319 422 sota
342 360 390 422 est
413 356 519 422 virtus
543 356 703 440 specialis.

229 443 297 513 Art.
322 445 353 512 t.
376 442 425 512 Ao
446 448 614 531 virginitas
636 449 681 512 stt
701 446 900 512 excellentior
923 446 1131 512 matrimonio.
1158 447 1199 530 rt.
1221 444 1283 522 Sic,

251 535 329 618 quia
351 539 400 601 est
423 536 465 601 ad
489 539 614 603 honum
644 535 748 602 animi
776 536 960 602 secundum
989 535 1093 601 vitam
1123 539 1294 622 conteras

251 623 424 707 plativam;
448 626 641 710 coniugium
665 644 744 693 vero
768 625 810 691 ad
834 626 959 690 bonnm
983 624 1131 708 corporis
1154 643 1294 708 secun,

250 713 331 779 dum
355 713 459 779 vitam
482 715 637 782 activam.
1293 713 1294 804 ζ

253 800 264 826 ”
290 803 456 882 Meritum,
488 824 556 870 non
587 806 693 870 sotum
724 807 882 886 pensatur
908 823 950 868 ex
972 808 1062 882 actu,
1086 803 1146 868 sed
1172 802 1294 890 magist

249 911 291 956 ex
313 893 441 973 anim03
467 895 558 960 unde
591 896 784 977 conjugatus
806 893 833 956 si
857 894 956 958 habet
991 892 1141 957 animum
1171 893 1294 976 magis?

250 987 401 1064 paratum
436 983 479 1048 ad
511 984 737 1068 virginitatem
771 983 987 1060 servandam,
1022 982 1049 1046 si
1084 985 1279 1066 oporteret,

249 1075 355 1154 potest
389 1090 457 1137 esse
492 1073 622 1151 melior,
658 1091 756 1157 quam
788 1071 846 1156 qui
869 1076 943 1137 actu
968 1075 1016 1136 est
1038 1070 1146 1156 virgo.
1172 1069 1278 1149 item,

249 1161 374 1226 bonum
397 1179 574 1228 commune
597 1167 645 1228 est
669 1161 784 1227 melius
800 1160 929 1243 privato
946 1161 981 1225 in
998 1162 1113 1226 eodem
1128 1179 1276 1246 genere,
1293 1199 1294 1218 1

247 1251 305 1315 sed
328 1270 369 1315 ex
391 1270 451 1316 suo
473 1271 594 1335 genere
618 1251 785 1335 privatum
807 1253 912 1333 potest
928 1270 995 1316 esse
1011 1250 1142 1331 melius;
1167 1255 1205 1316 et
1229 1250 1278 1316 sic

247 1339 420 1422 virginitas
444 1342 619 1422 praefertur
642 1339 862 1406 foecunditati.

226 1429 294 1496 Art.
318 1428 353 1495 5.
372 1427 422 1495 An
443 1431 610 1512 or‘rpr'nitos
632 1432 675 1496 sit
695 1432 831 1497 monimo
852 1431 1011 1496 oirtetnm.
1037 1429 1071 1514 ri.
1087 1427 1170 1509 Non,
1187 1449 1275 1496 nam

247 1517 402 1598 virtutes,
428 1539 569 1603 quarum
593 1524 683 1585 actus
706 1524 784 1584 sunt
812 1519 900 1584 circa
923 1518 1055 1596 divina,
1080 1523 1118 1584 ut
1140 1520 1277 1585 theoto·

248 1607 339 1692 gicae,
362 1612 395 1672 et
418 1608 531 1693 religio
555 1609 779 1692 praeferuntur
801 1605 995 1693 virginitati,
1019 1627 1094 1692 quae
1109 1608 1275 1676 laudatur

247 1717 288 1761 ex
311 1715 365 1777 eo,
388 1699 476 1782 quod
499 1699 572 1783 quis
607 1698 707 1782 possit
742 1717 858 1764 vacare
887 1699 985 1763 rebus
1019 1697 1151 1763 divinis.
1184 1697 1272 1764 item

248 1787 432 1868 praefertur
455 1787 524 1853 vita
554 1787 751 1868 monastica,
785 1807 869 1872 quae
892 1785 977 1851 tollit
1010 1787 1179 1870 propriam
1212 1807 1275 1853 vo·

175 1917 177 1924 ,
247 1877 419 1955 tuntatem,
443 1881 476 1942 et
500 1878 602 1956 bona,
625 1877 672 1943 sic
694 1875 907 1960 martyrium,
931 1877 1021 1960 qnod
1044 1877 1130 1941 tollit
1153 1877 1273 1956 vitam,

246 1984 345 2050 quam
370 1966 551 2051 virginitas,
574 1985 658 2051 qnae
672 1968 803 2032 tantum
822 1964 988 2049 postponit
1013 1985 1191 2031 veneream
1210 1987 1274 2032 vo·

246 2054 422 2140 luptatem,
444 2057 502 2122 sed
524 2059 596 2122 haec
618 2059 666 2122 est
688 2055 814 2140 potior,
838 2072 938 2139 quam
960 2055 1089 2120 castitas
1111 2056 1274 2140 coniuga-

246 2143 295 2208 lis.
319 2144 414 2224 item,
440 2145 585 2230 virgines
606 2149 792 2229 sequuntur
826 2162 966 2228 agnum,
989 2145 1066 2229 quin
1090 2145 1273 2210 imitantur

245 2231 410 2299 Christum
434 2253 501 2300 non
523 2235 628 2301 sotum
654 2235 689 2301 in
711 2234 900 2317 integritate
937 2235 1066 2311 mentis,
1089 2235 1270 2300 sedetiam

246 2322 369 2399 carnis,
393 2323 542 2390 sednon
575 2324 677 2410 magis
705 2324 740 2390 in
765 2323 966 2408 propinquo,
989 2321 1067 2408 qnia
1090 2325 1173 2390 aliae
1197 2325 1271 2390 vir-

245 2416 332 2477 tutes
346 2412 471 2480 taciunt
494 2414 711 2500 propinquius
726 2413 899 2479 inhaerere
917 2411 994 2478 Deo.
1019 2411 1110 2494 item,
1134 2414 1268 2480 fructus

244 2501 441 2570 centesimus
475 2505 573 2570 datur
606 2501 806 2587 virginitati,
840 2502 917 2585 quia
952 2507 1001 2567 est
1034 2503 1268 2584 excellentior,

244 2610 343 2675 qnam
366 2592 526 2672 viduitas,
551 2593 603 2659 cni
627 2594 726 2660 datur
747 2592 983 2677 sexagesimus,
1013 2597 1046 2657 et
1069 2611 1170 2677 quam
1195 2613 1269 2659 ma·

240 2679 452 2764 trimonium,
480 2681 534 2749 cui
568 2681 771 2768 trigesimus,
794 2681 895 2749 etsie
924 2681 960 2746 in
982 2698 1041 2748 suo
1068 2701 1193 2766 genere
1216 2687 1269 2750 est

111 2820 113 2824 .
243 2771 387 2840 maxima
410 2773 583 2840 virtutum.

590 2949 769 3037 Qnmsvto
796 2947 890 3018 until.

443 3136 534 3201 De
559 3135 712 3202 vitio
736 3133 1038 3203 luxuriae.

220 3307 291 3376 Art.
315 3309 345 3378 t.
375 3309 424 3378 Ao
446 3313 575 3378 motoria
598 3310 740 3377 tneorr'ce
767 3312 835 3377 sint
854 3309 952 3376 sotem
981 3309 1263 3393 concupiscentius,

242 3406 274 3465 et
292 3399 500 3468 delectationes
532 3419 682 3467 vennone.
707 3402 743 3484 ri.
766 3399 802 3465 in
827 3400 876 3466 his
906 3400 1065 3478 maxime,
1088 3405 1122 3464 et
1143 3417 1264 3466 secum

241 3489 335 3557 dario
358 3489 393 3556 in
417 3491 668 3576 quibuscunque
690 3489 776 3567 aliis,
800 3509 885 3574 quae
907 3489 950 3556 ad
967 3505 1135 3555 excessum
1160 3489 1265 3574 perti·

241 3585 339 3660 nent,
363 3586 396 3646 et
418 3580 464 3647 sic
486 3578 672 3646 luxuriosus
701 3577 823 3645 dicitur
846 3579 938 3663 quasi
959 3579 1084 3646 solutus
1107 3577 1143 3644 in
1167 3580 1265 3646 volu·

241 3671 356 3747 ptates.
