2608 4220
248 129 316 198 530
555 149 601 199 nx
625 148 892 201 surrnnunuro

206 221 747 240 *ndu-*nauum*-

227 283 292 348 qno
314 268 362 329 est
384 263 642 334 matrimonium.
666 264 756 340 item,
786 284 900 333 servus
934 265 1149 349 praecipiente
1186 267 1248 332 do·

226 353 318 419 mino
341 373 383 420 ne
405 354 587 421 consentiat
603 353 638 421 in
654 355 913 435 matrimonium,
927 376 996 423 non
1012 359 1149 420 tenetur
1165 359 1246 421 obe-

226 442 314 521 dire;
338 444 415 528 quia
437 445 546 529 quoad
569 449 660 510 actus
683 446 847 511 naturales
870 447 969 512 habet
985 448 1182 529 potestatem
1195 445 1248 510 sni

227 532 383 615 corporis,
406 535 494 618 qnod
529 538 635 618 potest
668 535 761 602 atteri
789 555 848 618 per
874 534 1125 600 matrimonium
1158 554 1248 618 prae-

227 622 316 700 bere,
337 623 395 689 sed
417 624 523 690 solum
546 628 594 690 est
616 644 730 690 servus
753 623 789 690 in
813 624 863 691 his
881 643 956 709 qoae
969 623 1177 691 naturalibus
1193 642 1249 688 su·
1293 651 1294 664 ι

226 711 466 795 peradduntur,
489 716 527 779 ut
548 714 684 786 servire.
707 714 797 795 ltem,
821 717 956 780 tenetur
990 715 1081 798 prius
1104 714 1250 782 reddere

225 801 385 881 debitum,
409 822 509 887 quam
532 822 664 870 servare
687 808 849 889 praecepta
871 803 1014 883 Domini,
1046 804 1105 869 sed
1135 803 1172 868 in
1199 803 1250 868 bis

225 896 304 960 sunt
325 892 574 960 considerandae
604 893 878 972 circumstantiae„
904 891 998 977 Item,
1025 912 1142 960 servus
1175 912 1247 959 non

225 984 332 1065 potest
354 981 484 1067 ingredi
508 982 699 1069 religionem
721 984 793 1052 sine
815 981 978 1053 consensu
999 983 1144 1064 dominu
1168 983 1249 1070 quia

226 1071 341 1158 religio
363 1071 485 1158 obligat
507 1074 549 1139 ad
573 1077 680 1140 totum
702 1079 841 1159 tempus.

203 1157 274 1228 Art.
298 1161 330 1233 3.
352 1160 402 1229 Aa
423 1164 552 1232 cacitas
571 1165 671 1248 poscit
689 1165 883 1248 aopcrrcoc'rc
897 1159 1104 1234 matrimonio.
1130 1163 1166 1246 a.
1182 1160 1247 1240 Sic,

226 1250 303 1335 quia
326 1256 432 1336 potest
454 1255 552 1320 homo
574 1253 658 1320 liber
681 1256 761 1321 dare
784 1254 834 1322 ius
855 1271 952 1321 snum
976 1253 1081 1329 alteri,
1097 1256 1132 1318 et
1153 1253 1247 1318 sulti·

226 1339 272 1407 cit
293 1341 321 1406 si
343 1342 460 1409 reddat
482 1343 579 1409 nxori
599 1345 706 1412 solum
729 1363 777 1422 ea,
801 1363 875 1430 quae
897 1345 940 1410 ad
974 1346 1086 1410 actum
1114 1346 1247 1409 naturae

225 1429 411 1514 pertinent;
433 1433 491 1498 sed
520 1451 602 1499 uxor
631 1435 765 1500 nolente
792 1434 883 1512 viro,
906 1452 975 1500 non
1011 1436 1115 1518 potest
1147 1431 1243 1498 sein

225 1537 355 1586 servam
378 1523 470 1604 dare,
492 1522 570 1608 qnia
592 1522 645 1592 vir
668 1528 717 1590 est
738 1528 839 1608 caput
860 1518 1017 1597 mulieris.

202 1603 281 1704 Art.
295 1608 329 1678 l.
349 1609 399 1678 Ao
419 1607 482 1696 prii
503 1611 629 1680 debcant
648 1613 732 1700 acqui
746 1612 950 1681 conditionem
967 1614 1080 1696 putria.
1105 1614 1140 1700 ιι.
1166 1611 1245 1678 Par·

226 1701 278 1764 tus
301 1700 449 1786 seqnitur
471 1706 624 1772 ventrem
647 1705 690 1770 de
711 1701 891 1789 legeciviti,
916 1707 948 1768 et
971 1703 1129 1770 naturali.
1156 1701 1245 1780 ltem,
1294 1709 1295 1728 ³

226 1788 344 1857 filiiin
368 1791 514 1877 hisquae
549 1793 719 1880 pertinent
746 1793 789 1860 ad
823 1790 1030 1878 dignitatem,
1064 1797 1103 1858 ιιι
1133 1799 1183 1856 est
1206 1812 1245 1858 ex

213 1878 331 1947 'lomna
354 1881 401 1947 rei
424 1885 611 1966 sequuntur
632 1887 771 1966 patrem,
795 1885 833 1951 ut
855 1880 891 1948 in
915 1878 1112 1960 honoribus,
1136 1879 1244 1950 mnni-

226 1967 335 2053 cipiis,
352 1970 554 2050 haereditate,
578 1976 612 2039 et
634 1971 704 2038 aliis
727 1968 925 2051 huiusmodi,
937 1990 1014 2038 nam
1030 1992 1049 2037 a
1066 1975 1173 2040 matre
1188 1974 1243 2038 ba-

226 2058 307 2126 bent
330 2062 460 2132 tautum
482 2061 698 2130 substantiam
721 2059 943 2146 corporatam:
963 2061 1053 2129 unde
1076 2061 1112 2127 in
1130 2059 1243 2129 condi·

225 2147 371 2214 tionibus
396 2148 620 2222 materialibus
645 2151 733 2218 tilius
759 2151 909 2238 sequitur
944 2154 1094 2232 matrem,
1119 2150 1155 2218 in
1179 2151 1243 2218 tor·

227 2237 366 2306 malibus
387 2239 537 2326 sequitur
558 2242 697 2326 patrem.

594 2417 867 2505 conseretur.

206 2596 299 2667 De
310 2598 747 2680 impedimento
763 2600 894 2669 voti
911 2605 973 2665 et
986 2599 1234 2678 ordinis.

205 2775 274 2845 Art.
298 2777 329 2845 l.
351 2778 400 2845 Aa
419 2795 476 2862 per
501 2777 716 2863 otlipotc'coeoc
743 2780 807 2847 ootc'
835 2778 983 2862 simplicia
1011 2780 1241 2847 motrlorom'cor

227 2874 417 2936 cormorlem
436 2867 675 2944 dctcotrdirr'mi.
699 2871 735 2954 d.
759 2868 899 2954 impedit
921 2871 1064 2948 tantum,
1088 2871 1150 2936 sed
1174 2889 1240 2936 non

227 2956 365 3037 dirimit,
387 2956 465 3043 quia
486 2978 546 3042 per
567 2959 749 3046 simplicem
773 2957 1033 3044 promissionem,
1056 2962 1094 3026 ιιι
1115 2960 1166 3026 est
1188 2979 1243 3026 vo-

228 3049 301 3111 tnm
322 3046 471 3131 simplex,
494 3068 570 3118 cum
592 3069 661 3124 non
686 3050 883 3118 transfertur
917 3047 1112 3129 dominium,
1137 3053 1241 3133 potest

227 3132 322 3202 alteri
344 3137 424 3208 dare
446 3132 491 3222 id,
515 3139 604 3224 quod
627 3143 676 3207 est
698 3139 909 3226 promissum,
932 3139 991 3206 sed
1023 3140 1138 3222 peccat
1151 3158 1241 3206 oon·

228 3227 377 3306 trahens,
402 3230 436 3291 et
457 3225 533 3293 licet
555 3233 681 3311 votum,
703 3233 866 3314 quantum
888 3228 931 3295 ad
954 3227 1044 3296 idad
1059 3227 1241 3312 quodobli·

215 3318 292 3400 vpat,
315 3315 358 3383 sit
380 3314 485 3390 maius
507 3317 689 3402 vinculum,
712 3318 876 3403 quamsit
911 3315 1171 3396 matrimonium,
1193 3321 1240 3384 ta·

227 3421 305 3470 men
329 3409 491 3492 qnantum
513 3406 715 3477 admodum
737 3407 880 3494 ligandi,
909 3407 1161 3479 matrimonium
1192 3413 1239 3472 cst

228 3493 333 3561 maius
356 3494 537 3574 vinculum,
560 3495 638 3581 quia
659 3495 695 3562 in
719 3516 758 3563 eo
780 3496 924 3564 traditur
945 3500 1085 3583 potestas
1099 3496 1239 3571 actualis,

228 3587 261 3646 et
285 3583 470 3650 meliorest
492 3584 638 3650 conditio
668 3583 872 3671 possidentis.
907 3585 1005 3668 ltem,
1040 3590 1237 3671 praeceptum

225 3670 405 3753 prohibens
427 3671 676 3740 matrimonium
697 3674 786 3742 inter
807 3673 1069 3762 consanguineos
1102 3674 1236 3758 dirimit,
