2622 4210
362 180 379 213 e
415 165 525 216 *nivi
546 163 694 216 sunum.
754 171 762 195 ¹
975 151 1040 218 lbi

74 321 148 366 usus
169 301 394 366 convertenda
417 305 475 366 est.
500 299 597 380 ltem,
626 301 652 365 si
676 300 766 366 datio
790 321 857 370 uon
883 307 931 367 est
955 305 1087 383 illicita,

73 393 129 456 sed
149 393 283 474 propter
306 410 377 456 rem
401 391 559 470 illicitam,
575 394 613 456 ut
628 391 862 476 meretricium,
879 397 951 458 tum
968 395 1088 458 mulier

75 485 175 564 potest
196 481 355 558 retinere,
376 481 439 546 nisi
463 481 636 546 extorserit
659 481 751 558 dolo,
775 483 828 547 vel
851 483 980 548 fraude.
1005 482 1088 549 ltem

72 572 101 634 si
122 571 160 649 is,
183 571 237 636 oui
259 571 409 638 facienda
430 577 480 637 est
504 571 682 649 restitutio,
711 570 754 635 sit
777 571 914 638 omnino
939 573 1088 657 ignotus,

74 662 152 726 lacta
175 660 326 742 diligenti
349 659 572 743 inquisitione,
598 663 696 725 detur
715 661 750 725 in
767 661 1009 746 eleemosynam
1026 683 1090 746 pro

73 749 607 828 saluteil1lius.·Si.sit·mortuus,
639 752 738 816 detur
767 752 970 818 haeredibus:
997 751 1024 816 si
1047 754 1090 826 sit

75 839 368 916 moltumdlstans,
389 841 487 906 debat
502 839 693 917 transmitti,
709 839 735 903 si
753 842 925 908 commode
942 843 1014 908 lieri
1032 863 1090 925 po·

53 972 56 980 -
74 932 143 1007 lost,
154 929 207 994 vol
221 929 302 1010 poni
314 929 348 996 io
365 929 437 995 looo
448 933 530 1007 tuto,
546 934 581 994 et
593 928 784 1013 significari.
800 931 880 996 ltem
896 930 1051 998 Praelatus
1062 932 1090 996 si

75 1019 243 1102 nmrpavit
258 1037 331 1086 som
344 1018 439 1086 altori
456 1021 659 1102 deputatam,
678 1018 829 1086 restituat
847 1020 920 1098 illis,
943 1022 986 1086 ad
1010 1042 1091 1104 quos

77 1110 209 1191 dejure
233 1109 392 1190 pertinet;
426 1108 478 1172 vel
501 1109 527 1174 si
552 1128 622 1174 rem
652 1107 714 1174 sibi
737 1109 928 1191 deputatam
953 1111 988 1174 in
1012 1111 1092 1176 alle-

77 1197 138 1264 rius
160 1197 349 1264 dominium
373 1199 560 1275 transierat,
585 1202 666 1264 tune
690 1198 840 1264 restituat
865 1198 1024 1264 Eoolesiae.

55 1286 117 1354 Art.
134 1285 276 1355 renota,
291 1295 575 1370 sompemmsotor
598 1289 766 1354 'restituero
800 1289 854 1355 ille
885 1292 939 1372 pai
968 1293 1091 1374 occepit.

78 1377 268 1460 stitutione
292 1376 412 1455 rei,·'si
433 1385 484 1442 ost
507 1379 596 1461 apud
618 1397 653 1442 se
676 1382 826 1457 tanetum
851 1381 978 1445 ratione
1002 1400 1092 1446 acoe-

77 1466 207 1548 ptionis,
230 1466 324 1532 stols
346 1467 521 1549 injuriosa,
544 1471 582 1532 ut
604 1468 639 1532 in
663 1467 763 1545 lorto,
787 1472 930 1548 tenetur,
954 1472 988 1533 et
1010 1489 1092 1550 rem,

62 1562 105 1623 ⁴et
126 1557 403 1640 proaeoeptione
427 1556 558 1639 puniri;
581 1557 608 1622 si
632 1577 700 1625 non
725 1561 773 1622 est
797 1557 966 1639 injuriosa,
983 1561 1041 1626 sed
1057 1561 1092 1625 in

61 1646 253 1719 mlitiosam
284 1646 492 1728 aeoipientis,
522 1646 626 1712 utin
654 1650 785 1724 mutuo,
810 1650 943 1714 tenetur
966 1650 1095 1715 ratione

68 1736 134 1814 roi,
150 1741 195 1800 et
217 1736 433 1818 acceptionis,
460 1737 559 1802 etiam
586 1737 619 1802 si
638 1755 709 1802 rem
733 1736 880 1802 amittat:
903 1737 929 1804 si
954 1757 1022 1804 non
1046 1745 1095 1805 est

75 1824 309 1893 inutilitatem
334 1825 538 1908 recipientis,
564 1825 661 1890 utin
693 1827 840 1908 deposito
872 1832 1006 1894 tenetur
1041 1849 1093 1896 ra·

68 1915 163 1980 «lione
185 1913 341 1992 suntsed
364 1935 440 1983 non·
462 1917 590 1983 ratione
619 1915 833 1998 aooeptionis:
858 1917 949 1984 unde
971 1918 1092 1988 sisino

72 2006 267 2088 soauulpa,
291 2009 527 2074 llilsssfflsseffli‘·
559 2003 639 2070 llam
663 2004 698 2072 iu
723 2004 858 2072 ooeultis
887 2025 946 2089 per
969 2010 1092 2080 consos-

61 2097 178 2160 ²sorem
201 2091 366 2165 restituat.
391 2094 487 2174 ltem,
516 2095 651 2178 quando
679 2096 789 2180 plures
815 2095 1093 2177 damnifioarunt,

73 2188 215 2250 etunus
239 2183 386 2253 restituit
406 2189 525 2262 totum,
546 2183 602 2249 alii
625 2185 808 2250 refundant
831 2185 890 2250 illi.
1017 2219 1019 2224 ,

50 2271 115 2340 ‘Art
139 2274 171 2340 7.
195 2273 607 2357 anonomaoperoor
632 2281 790 2342 teneantur
814 2278 985 2346 restituero.
1010 2279 1046 2362 ἡ.
1061 2277 1094 2344 Si

10 2425 11 2440 ξ
50 2369 150 2430 -sont
171 2381 272 2434 cama
293 2365 427 2447 inluster
453 2363 652 2445 aooeplionis
679 2365 820 2444 directe,
851 2367 903 2432 vel
932 2367 1094 2439 inditoote

10 2447 12 2516 l
74 2458 242 2533 tenentur,
261 2455 295 2518 et
309 2457 389 2519 sunt
400 2453 512 2537 jussio,
531 2457 565 2517 et
579 2453 764 2534 eonsilium,
781 2457 1093 2540 eonsensumpalpo,

10 2527 12 2596 l
74 2561 237 2624 retunsus,
261 2543 471 2628 participans,
495 2546 617 2623 mutus,
641 2563 709 2610 non
733 2547 875 2625 obstans,
901 2565 968 2613 non
986 2547 1094 2614 mani·

74 2635 205 2701 luteus.
229 2635 309 2702 lteur
327 2634 488 2712 adulatio,
512 2637 548 2698 et
568 2634 742 2703 eonsilium
766 2655 835 2700 non
858 2655 988 2719 semper
1011 2637 1094 2704 obli-

75 2727 167 2806 gant,
197 2725 256 2790 sed
284 2725 418 2808 quando
449 2723 663 2808 probabiliter
690 2728 842 2808 putatur,
867 2727 956 2810 quod
977 2746 1021 2794 ox
1043 2726 1093 2791 bis

10 2887 11 2900 χ
74 2815 177 2880 nausis
198 2814 245 2880 sit
266 2817 377 2878 seouta
395 2812 557 2896 aoooptio.
1066 2839 1069 2846 ⁴

74 2901 699 2990 *1rrtnoipnttter·tanetun1testimon
728 2904 923 2988 principalis,
947 2906 984 2972 in
1009 2906 1093 2973 lanto

75 2995 287 3077 praeripiens:
304 2994 505 3061 secundario
528 2993 595 3078 qui
610 2995 796 3079 exequitur.
821 2995 900 3060 ltem
916 3015 986 3064 uno
1001 2997 1093 3063 resti·

75 3083 280 3163 leonton-alii
294 3083 333 3148 ei
357 3081 677 3168 conregnantium
698 3103 766 3152 non
777 3085 1007 3164 manifestans,
1025 3106 1093 3154 non

10 3239 11 3242 ,
70 3176 216 3252 obstans,
241 3193 311 3240 non
335 3174 599 3256 reprebendens,
629 3194 697 3242 non
714 3178 855 3241 tenetur
878 3175 942 3240 nisi
962 3175 1095 3242 lineum-

10 3319 11 3328 ,
78 3265 194 3330 baton
218 3263 336 3342 offioio,
360 3267 486 3330 elnon
507 3262 682 3332 immineat
706 3265 848 3332 multum
876 3265 1013 3349 parienti
1036 3269 1094 3334 ob·

77 3353 213 3420 sistenti.

61 3441 119 3510 lm
132 3443 175 3512 »8.
198 3443 256 3511 alo.
271 3444 499 3528 polstmootor
511 3445 625 3512 statem
645 3448 822 3528 restituere,
846 3445 894 3512 oet
914 3447 1011 3528 possit
1031 3443 1090 3528 ‹lif-

75 3535 226 3618 'sm-in.
249 3534 292 3600 si·
305 3537 420 3618 potest,
437 3535 567 3613 ‘station
592 3536 643 3600 vel
668 3542 758 3618 petat
776 3534 967 3602 dilationem
983 3535 1089 3614 abeo,

77 3625 135 3708 ossi*
151 3626 255 3692 babet
275 3644 383 3704 usum,
407 3625 486 3709 quia
508 3625 653 3692 retinere
676 3645 747 3692 rem
770 3627 924 3702 alienam,
946 3627 995 3688 est
1010 3643 1093 3692 eon·

77 3716 123 3798 tra
148 3713 329 3799 justitiam,
360 3719 394 3784 et
423 3713 611 3799 litiatoria
633 3716 786 3794 domino,
809 3714 868 3799 qui
892 3733 960 3782 non
985 3717 1092 3798 potest
