<?xml version="1.0" encoding="UTF-8"?>
<!DOCTYPE html PUBLIC "-//W3C//DTD XHTML 1.0 Transitional//EN"
    "http://www.w3.org/TR/xhtml1/DTD/xhtml1-transitional.dtd">
<html xmlns="http://www.w3.org/1999/xhtml" xml:lang="en" lang="en">
 <head>
  <title>
</title>
<meta http-equiv="Content-Type" content="text/html;charset=utf-8" />
  <meta name='ocr-system' content='tesseract 3.04.00' />
  <meta name='ocr-capabilities' content='ocr_page ocr_carea ocr_par ocr_line ocrx_word'/>
</head>
<body>
  <div class='ocr_page' id='page_1' title='image "./theologicsummco00thomgoog_0536.png"; bbox 0 0 2608 4220; ppageno 0'>
   <div class='ocr_carea' id='block_1_1' title="bbox 11 121 1049 360">
    <p class='ocr_par' dir='ltr' id='par_1_1' title="bbox 11 121 1049 360">
     <span class='ocr_line' id='line_1_1' title="bbox 397 121 1006 207; baseline 0.007 -5"><span class='ocrx_word' id='word_1_1' title='bbox 397 149 476 202; x_wconf 83' lang='lat' dir='ltr'><strong><em>mur</em></strong></span> <span class='ocrx_word' id='word_1_2' title='bbox 500 149 647 203; x_wconf 76' lang='lat' dir='ltr'><strong><em>anona.</em></strong></span> <span class='ocrx_word' id='word_1_3' title='bbox 937 121 1006 207; x_wconf 71' lang='lat'><strong><em>523</em></strong></span> 
     </span>
     <span class='ocr_line' id='line_1_2' title="bbox 11 270 1049 360; baseline 0.009 -27"><span class='ocrx_word' id='word_1_4' title='bbox 11 270 228 350; x_wconf 82' lang='lat' dir='ltr'><strong><em>verecunda,</em></strong></span> <span class='ocrx_word' id='word_1_5' title='bbox 251 273 284 334; x_wconf 90' lang='lat' dir='ltr'><strong><em>et</em></strong></span> <span class='ocrx_word' id='word_1_6' title='bbox 319 289 387 336; x_wconf 95' lang='lat' dir='ltr'><strong><em>non</em></strong></span> <span class='ocrx_word' id='word_1_7' title='bbox 411 272 634 360; x_wconf 78' lang='lat' dir='ltr'><strong>contradicat,</strong></span> <span class='ocrx_word' id='word_1_8' title='bbox 658 272 828 340; x_wconf 81' lang='lat' dir='ltr'><strong><em>sufiiciunt</em></strong></span> <span class='ocrx_word' id='word_1_9' title='bbox 863 275 965 341; x_wconf 89' lang='lat' dir='ltr'><strong><em>verba</em></strong></span> <span class='ocrx_word' id='word_1_10' title='bbox 989 293 1049 358; x_wconf 86' lang='lat' dir='ltr'><strong><em>pa·</em></strong></span> 
     </span>
    </p>
   </div>
   <div class='ocr_carea' id='block_1_2' title="bbox 4 358 1141 1703">
    <p class='ocr_par' dir='ltr' id='par_1_2' title="bbox 13 358 397 442">
     <span class='ocr_line' id='line_1_3' title="bbox 13 358 397 442; baseline 0.008 -19"><span class='ocrx_word' id='word_1_11' title='bbox 13 364 164 423; x_wconf 90' lang='lat' dir='ltr'><strong><em>rentum</em></strong></span> <span class='ocrx_word' id='word_1_12' title='bbox 190 360 260 425; x_wconf 89' lang='lat' dir='ltr'><strong><em>loco</em></strong></span> <span class='ocrx_word' id='word_1_13' title='bbox 284 358 397 442; x_wconf 85' lang='lat' dir='ltr'><strong><em>ipsius.</em></strong></span> 
     </span>
    </p>

    <p class='ocr_par' dir='ltr' id='par_1_3' title="bbox 4 445 1050 626">
     <span class='ocr_line' id='line_1_4' title="bbox 4 445 1050 539; baseline 0.009 -26"><span class='ocrx_word' id='word_1_14' title='bbox 4 445 63 514; x_wconf 83' lang='lat' dir='ltr'><strong><em>lrt</em></strong></span> <span class='ocrx_word' id='word_1_15' title='bbox 91 447 130 516; x_wconf 83' lang='lat'><strong><em>3.</em></strong></span> <span class='ocrx_word' id='word_1_16' title='bbox 154 447 205 515; x_wconf 85' lang='lat' dir='ltr'><strong><em>An</em></strong></span> <span class='ocrx_word' id='word_1_17' title='bbox 228 467 388 516; x_wconf 76' lang='lat' dir='ltr'><strong><em>consensus</em></strong></span> <span class='ocrx_word' id='word_1_18' title='bbox 421 469 578 534; x_wconf 83' lang='lat' dir='ltr'><strong><em>cupressus</em></strong></span> <span class='ocrx_word' id='word_1_19' title='bbox 598 471 654 536; x_wconf 87' lang='lat' dir='ltr'><strong><em>per</em></strong></span> <span class='ocrx_word' id='word_1_20' title='bbox 687 452 778 520; x_wconf 84' lang='lat' dir='ltr'><strong><em>ucria</em></strong></span> <span class='ocrx_word' id='word_1_21' title='bbox 803 451 840 520; x_wconf 83' lang='lat' dir='ltr'><strong><em>dc</em></strong></span> <span class='ocrx_word' id='word_1_22' title='bbox 872 455 979 539; x_wconf 73' lang='lat' dir='ltr'><strong><em>sutura</em></strong></span> <span class='ocrx_word' id='word_1_23' title='bbox 997 457 1050 538; x_wconf 65' lang='lat' dir='ltr'><strong><em>io·</em></strong></span> 
     </span>
     <span class='ocr_line' id='line_1_5' title="bbox 13 540 799 626; baseline 0.001 -22"><span class='ocrx_word' id='word_1_24' title='bbox 13 540 83 604; x_wconf 90' lang='lat' dir='ltr'><strong><em>ciat</em></strong></span> <span class='ocrx_word' id='word_1_25' title='bbox 106 541 354 605; x_wconf 75' lang='lat' dir='ltr'><strong><em>matrimonium.</em></strong></span> <span class='ocrx_word' id='word_1_26' title='bbox 379 541 413 624; x_wconf 73' lang='lat' dir='ltr'><strong><em>ri.</em></strong></span> <span class='ocrx_word' id='word_1_27' title='bbox 437 541 519 620; x_wconf 90' lang='lat' dir='ltr'><strong><em>Non,</em></strong></span> <span class='ocrx_word' id='word_1_28' title='bbox 542 542 600 607; x_wconf 91' lang='lat' dir='ltr'><strong><em>sed</em></strong></span> <span class='ocrx_word' id='word_1_29' title='bbox 623 541 799 626; x_wconf 78' lang='lat' dir='ltr'><strong><em>sponsalia.</em></strong></span> 
     </span>
    </p>

    <p class='ocr_par' dir='ltr' id='par_1_4' title="bbox 4 625 1141 1503">
     <span class='ocr_line' id='line_1_6' title="bbox 4 625 1053 717; baseline 0.005 -23"><span class='ocrx_word' id='word_1_30' title='bbox 4 625 63 694; x_wconf 83' lang='lat' dir='ltr'><strong><em>trt.</em></strong></span> <span class='ocrx_word' id='word_1_31' title='bbox 90 625 128 694; x_wconf 79' lang='lat' dir='ltr'><strong><em>la.</em></strong></span> <span class='ocrx_word' id='word_1_32' title='bbox 152 627 202 694; x_wconf 83' lang='lat' dir='ltr'><strong><em>An</em></strong></span> <span class='ocrx_word' id='word_1_33' title='bbox 226 647 385 695; x_wconf 85' lang='lat' dir='ltr'><strong><em>consensus</em></strong></span> <span class='ocrx_word' id='word_1_34' title='bbox 405 647 461 714; x_wconf 85' lang='lat' dir='ltr'><strong><em>per</em></strong></span> <span class='ocrx_word' id='word_1_35' title='bbox 480 630 573 702; x_wconf 83' lang='lat' dir='ltr'><strong><em>ucria</em></strong></span> <span class='ocrx_word' id='word_1_36' title='bbox 594 630 628 698; x_wconf 81' lang='lat' dir='ltr'><strong><em>dc</em></strong></span> <span class='ocrx_word' id='word_1_37' title='bbox 648 633 805 715; x_wconf 78' lang='lat' dir='ltr'><strong><em>maerenti</em></strong></span> <span class='ocrx_word' id='word_1_38' title='bbox 832 651 1000 717; x_wconf 79' lang='lat' dir='ltr'><strong><em>expressus,</em></strong></span> <span class='ocrx_word' id='word_1_39' title='bbox 1023 635 1053 700; x_wconf 88' lang='lat' dir='ltr'><strong><em>si</em></strong></span> 
     </span>
     <span class='ocr_line' id='line_1_7' title="bbox 14 716 1053 808; baseline 0.008 -26"><span class='ocrx_word' id='word_1_40' title='bbox 14 716 102 783; x_wconf 81' lang='lat' dir='ltr'><strong><em>clusit</em></strong></span> <span class='ocrx_word' id='word_1_41' title='bbox 138 719 272 784; x_wconf 81' lang='lat' dir='ltr'><strong><em>interior</em></strong></span> <span class='ocrx_word' id='word_1_42' title='bbox 305 738 482 806; x_wconf 77' lang='lat' dir='ltr'><strong><em>consensus,</em></strong></span> <span class='ocrx_word' id='word_1_43' title='bbox 505 723 602 807; x_wconf 78' lang='lat' dir='ltr'><strong><em>saciat</em></strong></span> <span class='ocrx_word' id='word_1_44' title='bbox 633 724 873 808; x_wconf 79' lang='lat' dir='ltr'><strong><em>matrimonium.</em></strong></span> <span class='ocrx_word' id='word_1_45' title='bbox 910 725 944 808; x_wconf 73' lang='lat' dir='ltr'><strong><em>ri.</em></strong></span> <span class='ocrx_word' id='word_1_46' title='bbox 968 724 1053 804; x_wconf 88' lang='lat' dir='ltr'><strong><em>Non,</em></strong></span> 
     </span>
     <span class='ocr_line' id='line_1_8' title="bbox 15 804 1054 899; baseline 0.006 -27"><span class='ocrx_word' id='word_1_47' title='bbox 15 806 101 891; x_wconf 85' lang='lat' dir='ltr'><strong><em>quia</em></strong></span> <span class='ocrx_word' id='word_1_48' title='bbox 128 806 166 872; x_wconf 89' lang='lat' dir='ltr'><strong><em>in</em></strong></span> <span class='ocrx_word' id='word_1_49' title='bbox 191 804 339 892; x_wconf 89' lang='lat' dir='ltr'><strong><em>quolibet</em></strong></span> <span class='ocrx_word' id='word_1_50' title='bbox 361 815 583 892; x_wconf 83' lang='lat' dir='ltr'><strong><em>sacramento,</em></strong></span> <span class='ocrx_word' id='word_1_51' title='bbox 607 805 644 876; x_wconf 89' lang='lat' dir='ltr'><strong><em>nt</em></strong></span> <span class='ocrx_word' id='word_1_52' title='bbox 668 812 703 877; x_wconf 96' lang='lat' dir='ltr'><strong><em>in</em></strong></span> <span class='ocrx_word' id='word_1_53' title='bbox 739 813 919 894; x_wconf 82' lang='lat' dir='ltr'><strong><em>baptismo,</em></strong></span> <span class='ocrx_word' id='word_1_54' title='bbox 944 811 1054 899; x_wconf 89' lang='lat' dir='ltr'><strong><em>requi·</em></strong></span> 
     </span>
     <span class='ocr_line' id='line_1_9' title="bbox 14 896 1052 983; baseline 0.006 -22"><span class='ocrx_word' id='word_1_55' title='bbox 14 897 112 961; x_wconf 91' lang='lat' dir='ltr'><strong><em>ritur</em></strong></span> <span class='ocrx_word' id='word_1_56' title='bbox 137 896 296 963; x_wconf 89' lang='lat' dir='ltr'><strong><em>intentio:</em></strong></span> <span class='ocrx_word' id='word_1_57' title='bbox 325 901 358 964; x_wconf 89' lang='lat' dir='ltr'><strong><em>et</em></strong></span> <span class='ocrx_word' id='word_1_58' title='bbox 379 900 427 965; x_wconf 94' lang='lat' dir='ltr'><strong><em>sic</em></strong></span> <span class='ocrx_word' id='word_1_59' title='bbox 450 904 573 983; x_wconf 87' lang='lat' dir='ltr'><strong><em>peccat,</em></strong></span> <span class='ocrx_word' id='word_1_60' title='bbox 593 904 626 965; x_wconf 89' lang='lat' dir='ltr'><strong><em>et</em></strong></span> <span class='ocrx_word' id='word_1_61' title='bbox 649 900 684 966; x_wconf 90' lang='lat' dir='ltr'><strong><em>in</em></strong></span> <span class='ocrx_word' id='word_1_62' title='bbox 708 902 779 966; x_wconf 81' lang='lat' dir='ltr'><strong><em>toro</em></strong></span> <span class='ocrx_word' id='word_1_63' title='bbox 802 900 959 967; x_wconf 79' lang='lat' dir='ltr'><strong><em>exteriori</em></strong></span> <span class='ocrx_word' id='word_1_64' title='bbox 983 921 1052 968; x_wconf 92' lang='lat' dir='ltr'><strong><em>non</em></strong></span> 
     </span>
     <span class='ocr_line' id='line_1_10' title="bbox 14 986 1051 1074; baseline 0.003 -22"><span class='ocrx_word' id='word_1_65' title='bbox 14 986 177 1053; x_wconf 87' lang='lat' dir='ltr'><strong><em>creditur</em></strong></span> <span class='ocrx_word' id='word_1_66' title='bbox 199 987 240 1051; x_wconf 93' lang='lat' dir='ltr'><strong><em>ei.</em></strong></span> <span class='ocrx_word' id='word_1_67' title='bbox 275 987 365 1067; x_wconf 90' lang='lat' dir='ltr'><strong><em>item,</em></strong></span> <span class='ocrx_word' id='word_1_68' title='bbox 389 987 447 1074; x_wconf 91' lang='lat' dir='ltr'><strong><em>qui</em></strong></span> <span class='ocrx_word' id='word_1_69' title='bbox 471 1009 538 1057; x_wconf 89' lang='lat' dir='ltr'><strong><em>non</em></strong></span> <span class='ocrx_word' id='word_1_70' title='bbox 569 989 685 1055; x_wconf 88' lang='lat' dir='ltr'><strong><em>habuit</em></strong></span> <span class='ocrx_word' id='word_1_71' title='bbox 718 989 940 1057; x_wconf 89' lang='lat' dir='ltr'><strong><em>intentionem</em></strong></span> <span class='ocrx_word' id='word_1_72' title='bbox 974 1010 1051 1057; x_wconf 89' lang='lat' dir='ltr'><strong><em>eum</em></strong></span> 
     </span>
     <span class='ocr_line' id='line_1_11' title="bbox 16 1077 1052 1166; baseline 0.006 -26"><span class='ocrx_word' id='word_1_73' title='bbox 16 1077 146 1160; x_wconf 84' lang='lat' dir='ltr'><strong><em>prima,</em></strong></span> <span class='ocrx_word' id='word_1_74' title='bbox 171 1080 204 1140; x_wconf 93' lang='lat' dir='ltr'><strong><em>et</em></strong></span> <span class='ocrx_word' id='word_1_75' title='bbox 220 1081 329 1160; x_wconf 85' lang='lat' dir='ltr'><strong><em>postea</em></strong></span> <span class='ocrx_word' id='word_1_76' title='bbox 341 1081 507 1144; x_wconf 82' lang='lat' dir='ltr'><strong><em>corrtraxit</em></strong></span> <span class='ocrx_word' id='word_1_77' title='bbox 522 1098 599 1145; x_wconf 90' lang='lat' dir='ltr'><strong><em>cum</em></strong></span> <span class='ocrx_word' id='word_1_78' title='bbox 614 1079 760 1145; x_wconf 86' lang='lat' dir='ltr'><strong><em>secunda</em></strong></span> <span class='ocrx_word' id='word_1_79' title='bbox 772 1081 897 1162; x_wconf 89' lang='lat' dir='ltr'><strong><em>volens,</em></strong></span> <span class='ocrx_word' id='word_1_80' title='bbox 915 1081 1052 1166; x_wconf 85' lang='lat' dir='ltr'><strong><em>quando</em></strong></span> 
     </span>
     <span class='ocr_line' id='line_1_12' title="bbox 15 1165 1055 1250; baseline 0.004 -18"><span class='ocrx_word' id='word_1_81' title='bbox 15 1165 238 1249; x_wconf 78' lang='lat' dir='ltr'><strong><em>compellitur</em></strong></span> <span class='ocrx_word' id='word_1_82' title='bbox 261 1167 304 1232; x_wconf 87' lang='lat' dir='ltr'><strong><em>ab</em></strong></span> <span class='ocrx_word' id='word_1_83' title='bbox 326 1166 465 1235; x_wconf 84' lang='lat' dir='ltr'><strong><em>Ecclesia</em></strong></span> <span class='ocrx_word' id='word_1_84' title='bbox 488 1172 551 1235; x_wconf 92' lang='lat' dir='ltr'><strong><em>sub</em></strong></span> <span class='ocrx_word' id='word_1_85' title='bbox 574 1169 926 1250; x_wconf 84' lang='lat' dir='ltr'><strong><em>excommunicatione,</em></strong></span> <span class='ocrx_word' id='word_1_86' title='bbox 950 1174 988 1235; x_wconf 89' lang='lat' dir='ltr'><strong><em>nt</em></strong></span> <span class='ocrx_word' id='word_1_87' title='bbox 1011 1171 1055 1236; x_wconf 87' lang='lat' dir='ltr'><strong><em>ad</em></strong></span> 
     </span>
     <span class='ocr_line' id='line_1_13' title="bbox 17 1254 1064 1341; baseline 0.006 -22"><span class='ocrx_word' id='word_1_88' title='bbox 17 1256 173 1339; x_wconf 87' lang='lat' dir='ltr'><strong><em>primam</em></strong></span> <span class='ocrx_word' id='word_1_89' title='bbox 197 1255 327 1334; x_wconf 87' lang='lat' dir='ltr'><strong><em>redeat,</em></strong></span> <span class='ocrx_word' id='word_1_90' title='bbox 352 1259 450 1323; x_wconf 91' lang='lat' dir='ltr'><strong><em>debet</em></strong></span> <span class='ocrx_word' id='word_1_91' title='bbox 466 1259 573 1341; x_wconf 89' lang='lat' dir='ltr'><strong><em>potins</em></strong></span> <span class='ocrx_word' id='word_1_92' title='bbox 601 1259 763 1326; x_wconf 89' lang='lat' dir='ltr'><strong><em>sustinere</em></strong></span> <span class='ocrx_word' id='word_1_93' title='bbox 787 1254 1064 1325; x_wconf 56' lang='lat' dir='ltr'><strong><em>excommunica-⁴</em></strong></span> 
     </span>
     <span class='ocr_line' id='line_1_14' title="bbox 22 1345 1141 1438; baseline 0.005 -30"><span class='ocrx_word' id='word_1_94' title='bbox 22 1345 173 1422; x_wconf 90' lang='lat' dir='ltr'><strong><em>tionem,</em></strong></span> <span class='ocrx_word' id='word_1_95' title='bbox 197 1345 367 1430; x_wconf 75' lang='lat' dir='ltr'><strong><em>elingere</em></strong></span> <span class='ocrx_word' id='word_1_96' title='bbox 390 1349 432 1412; x_wconf 92' lang='lat' dir='ltr'><strong><em>ad</em></strong></span> <span class='ocrx_word' id='word_1_97' title='bbox 457 1353 597 1418; x_wconf 84' lang='lat' dir='ltr'><strong><em>remotas</em></strong></span> <span class='ocrx_word' id='word_1_98' title='bbox 621 1348 781 1434; x_wconf 79' lang='lat' dir='ltr'><strong><em>regiones,</em></strong></span> <span class='ocrx_word' id='word_1_99' title='bbox 806 1369 906 1434; x_wconf 88' lang='lat' dir='ltr'><strong><em>quam</em></strong></span> <span class='ocrx_word' id='word_1_100' title='bbox 929 1349 970 1415; x_wconf 88' lang='lat' dir='ltr'><strong><em>ad</em></strong></span> <span class='ocrx_word' id='word_1_101' title='bbox 987 1347 1055 1433; x_wconf 90' lang='lat' dir='ltr'><strong><em>pri·</em></strong></span> <span class='ocrx_word' id='word_1_102' title='bbox 1137 1415 1141 1438; x_wconf 60' lang='grc'>,</span> 
     </span>
     <span class='ocr_line' id='line_1_15' title="bbox 21 1435 796 1503; baseline 0.009 -4"><span class='ocrx_word' id='word_1_103' title='bbox 21 1454 118 1500; x_wconf 88' lang='lat' dir='ltr'><strong><em>mam</em></strong></span> <span class='ocrx_word' id='word_1_104' title='bbox 144 1450 285 1500; x_wconf 87' lang='lat' dir='ltr'><strong><em>uxorem</em></strong></span> <span class='ocrx_word' id='word_1_105' title='bbox 310 1435 433 1503; x_wconf 79' lang='lat' dir='ltr'><strong><em>redire.</em></strong></span> <span class='ocrx_word' id='word_1_106' title='bbox 795 1449 796 1452; x_wconf 76' lang='grc'>’</span> 
     </span>
    </p>

    <p class='ocr_par' dir='ltr' id='par_1_5' title="bbox 4 1522 1055 1703">
     <span class='ocr_line' id='line_1_16' title="bbox 4 1522 1055 1613; baseline 0.005 -21"><span class='ocrx_word' id='word_1_107' title='bbox 4 1522 72 1592; x_wconf 76' lang='lat' dir='ltr'><strong><em>Art.</em></strong></span> <span class='ocrx_word' id='word_1_108' title='bbox 100 1523 135 1592; x_wconf 81' lang='lat' dir='ltr'><strong><em>tt.</em></strong></span> <span class='ocrx_word' id='word_1_109' title='bbox 160 1522 213 1590; x_wconf 80' lang='lat' dir='ltr'><strong><em>An</em></strong></span> <span class='ocrx_word' id='word_1_110' title='bbox 234 1541 395 1593; x_wconf 84' lang='lat' dir='ltr'><strong><em>cousensus</em></strong></span> <span class='ocrx_word' id='word_1_111' title='bbox 418 1530 454 1594; x_wconf 86' lang='lat' dir='ltr'><strong><em>in</em></strong></span> <span class='ocrx_word' id='word_1_112' title='bbox 477 1528 590 1596; x_wconf 88' lang='lat' dir='ltr'><strong><em>occulto</em></strong></span> <span class='ocrx_word' id='word_1_113' title='bbox 613 1528 712 1612; x_wconf 77' lang='lat' dir='ltr'><strong><em>fuctus</em></strong></span> <span class='ocrx_word' id='word_1_114' title='bbox 735 1546 788 1612; x_wconf 85' lang='lat' dir='ltr'><strong><em>per</em></strong></span> <span class='ocrx_word' id='word_1_115' title='bbox 811 1527 901 1596; x_wconf 85' lang='lat' dir='ltr'><strong><em>carbo</em></strong></span> <span class='ocrx_word' id='word_1_116' title='bbox 923 1527 1055 1613; x_wconf 76' lang='lat' dir='ltr'><strong><em>deproc-</em></strong></span> 
     </span>
     <span class='ocr_line' id='line_1_17' title="bbox 22 1613 1055 1703; baseline 0.004 -23"><span class='ocrx_word' id='word_1_117' title='bbox 22 1615 112 1680; x_wconf 83' lang='lat' dir='ltr'><strong><em>reuti</em></strong></span> <span class='ocrx_word' id='word_1_118' title='bbox 136 1613 236 1698; x_wconf 77' lang='lat' dir='ltr'><strong><em>faciat</em></strong></span> <span class='ocrx_word' id='word_1_119' title='bbox 262 1620 503 1686; x_wconf 84' lang='lat' dir='ltr'><strong><em>matrimonium.</em></strong></span> <span class='ocrx_word' id='word_1_120' title='bbox 528 1617 776 1703; x_wconf 72' lang='lat' dir='ltr'><strong><em>1i.rlntiquitus</em></strong></span> <span class='ocrx_word' id='word_1_121' title='bbox 809 1620 957 1701; x_wconf 86' lang='lat' dir='ltr'><strong><em>valebat,</em></strong></span> <span class='ocrx_word' id='word_1_122' title='bbox 981 1622 1055 1702; x_wconf 86' lang='lat' dir='ltr'><strong><em>post</em></strong></span> 
     </span>
    </p>
   </div>
   <div class='ocr_carea' id='block_1_3' title="bbox 21 1701 1056 1862">
    <p class='ocr_par' dir='ltr' id='par_1_6' title="bbox 21 1701 1056 1862">
     <span class='ocr_line' id='line_1_18' title="bbox 21 1701 1056 1860; baseline 0.002 -90"><span class='ocrx_word' id='word_1_123' title='bbox 21 1704 159 1860; x_wconf 51' lang='lat' dir='ltr'><strong><em>gonterii.</em></strong></span> <span class='ocrx_word' id='word_1_124' title='bbox 190 1701 564 1793; x_wconf 61' lang='lat' dir='ltr'><strong><em>nemausumque</em></strong></span> <span class='ocrx_word' id='word_1_125' title='bbox 602 1707 785 1794; x_wconf 88' lang='lat' dir='ltr'><strong><em>requiritur</em></strong></span> <span class='ocrx_word' id='word_1_126' title='bbox 818 1708 999 1789; x_wconf 73' lang='lat' dir='ltr'><strong><em>parochus,</em></strong></span> <span class='ocrx_word' id='word_1_127' title='bbox 1022 1710 1056 1773; x_wconf 89' lang='lat' dir='ltr'><strong><em>et</em></strong></span> 
     </span>
     <span class='ocr_line' id='line_1_19' title="bbox 58 1813 143 1862; baseline -0.024 -1"><span class='ocrx_word' id='word_1_128' title='bbox 58 1813 74 1860; x_wconf 88' lang='lat' dir='ltr'><strong><em>s</em></strong></span> <span class='ocrx_word' id='word_1_129' title='bbox 92 1813 143 1862; x_wconf 90' lang='lat' dir='ltr'><strong><em>es.</em></strong></span> 
     </span>
    </p>
   </div>
   <div class='ocr_carea' id='block_1_4' title="bbox 370 1973 672 2070">
    <p class='ocr_par' dir='ltr' id='par_1_7' title="bbox 370 1973 672 2070">
     <span class='ocr_line' id='line_1_20' title="bbox 370 1973 672 2070; baseline -0.01 -26"><span class='ocrx_word' id='word_1_130' title='bbox 370 1973 549 2062; x_wconf 79' lang='lat' dir='ltr'><strong><em>ansno</em></strong></span> <span class='ocrx_word' id='word_1_131' title='bbox 572 1973 672 2070; x_wconf 82' lang='lat' dir='ltr'><strong><em>xuvr.</em></strong></span> 
     </span>
    </p>
   </div>
   <div class='ocr_carea' id='block_1_5' title="bbox 97 2157 966 2420">
    <p class='ocr_par' dir='ltr' id='par_1_8' title="bbox 97 2157 966 2420">
     <span class='ocr_line' id='line_1_21' title="bbox 322 2157 790 2233; baseline -0.011 -9"><span class='ocrx_word' id='word_1_132' title='bbox 322 2157 415 2224; x_wconf 81' lang='lat' dir='ltr'><strong><em>De</em></strong></span> <span class='ocrx_word' id='word_1_133' title='bbox 439 2171 748 2233; x_wconf 76' lang='lat' dir='ltr'><strong><em>eonsensu</em></strong></span> <span class='ocrx_word' id='word_1_134' title='bbox 789 2215 790 2218; x_wconf 74' lang='grc'>,</span> 
     </span>
     <span class='ocr_line' id='line_1_22' title="bbox 97 2241 966 2329; baseline 0 -14"><span class='ocrx_word' id='word_1_135' title='bbox 97 2241 205 2315; x_wconf 75' lang='lat'><strong><em>0111</em></strong></span> <span class='ocrx_word' id='word_1_136' title='bbox 235 2245 484 2314; x_wconf 76' lang='lat' dir='ltr'><strong><em>advenit</em></strong></span> <span class='ocrx_word' id='word_1_137' title='bbox 518 2251 966 2329; x_wconf 77' lang='lat' dir='ltr'><strong><em>aur-amentum,</em></strong></span> 
     </span>
     <span class='ocr_line' id='line_1_23' title="bbox 206 2341 865 2420; baseline 0.005 -16"><span class='ocrx_word' id='word_1_138' title='bbox 206 2342 308 2404; x_wconf 81' lang='lat' dir='ltr'><strong><em>vel</em></strong></span> <span class='ocrx_word' id='word_1_139' title='bbox 333 2341 552 2420; x_wconf 77' lang='lat' dir='ltr'><strong><em>copula</em></strong></span> <span class='ocrx_word' id='word_1_140' title='bbox 577 2343 865 2419; x_wconf 57' lang='lat' dir='ltr'><strong><em>earnalis</em></strong></span> 
     </span>
    </p>
   </div>
   <div class='ocr_carea' id='block_1_6' title="bbox 7 2513 1096 3574">
    <p class='ocr_par' dir='ltr' id='par_1_9' title="bbox 7 2513 1058 2781">
     <span class='ocr_line' id='line_1_24' title="bbox 7 2513 1058 2603; baseline -0.003 -18"><span class='ocrx_word' id='word_1_141' title='bbox 7 2513 73 2586; x_wconf 79' lang='lat' dir='ltr'><strong><em>Art.</em></strong></span> <span class='ocrx_word' id='word_1_142' title='bbox 98 2515 134 2584; x_wconf 85' lang='lat' dir='ltr'><strong><em>l.</em></strong></span> <span class='ocrx_word' id='word_1_143' title='bbox 160 2513 209 2584; x_wconf 85' lang='lat' dir='ltr'><strong><em>An</em></strong></span> <span class='ocrx_word' id='word_1_144' title='bbox 230 2514 435 2584; x_wconf 82' lang='lat' dir='ltr'><strong><em>iuramentum</em></strong></span> <span class='ocrx_word' id='word_1_145' title='bbox 457 2515 634 2585; x_wconf 80' lang='lat' dir='ltr'><strong><em>adiunctum</em></strong></span> <span class='ocrx_word' id='word_1_146' title='bbox 649 2517 811 2584; x_wconf 84' lang='lat' dir='ltr'><strong><em>consensui</em></strong></span> <span class='ocrx_word' id='word_1_147' title='bbox 830 2535 886 2603; x_wconf 84' lang='lat' dir='ltr'><strong><em>per</em></strong></span> <span class='ocrx_word' id='word_1_148' title='bbox 908 2515 1000 2582; x_wconf 85' lang='lat' dir='ltr'><strong><em>certa</em></strong></span> <span class='ocrx_word' id='word_1_149' title='bbox 1023 2513 1058 2582; x_wconf 81' lang='lat' dir='ltr'><strong><em>ie</em></strong></span> 
     </span>
     <span class='ocr_line' id='line_1_25' title="bbox 26 2607 1056 2716; baseline -0.003 -42"><span class='ocrx_word' id='word_1_150' title='bbox 26 2611 138 2692; x_wconf 75' lang='lat' dir='ltr'><strong><em>{utura</em></strong></span> <span class='ocrx_word' id='word_1_151' title='bbox 162 2625 302 2716; x_wconf 56' lang='lat' dir='ltr'><strong><em>capesso</em></strong></span> <span class='ocrx_word' id='word_1_152' title='bbox 323 2610 423 2694; x_wconf 74' lang='lat' dir='ltr'><strong><em>[aciat</em></strong></span> <span class='ocrx_word' id='word_1_153' title='bbox 457 2610 697 2675; x_wconf 81' lang='lat' dir='ltr'><strong><em>matrimonium.</em></strong></span> <span class='ocrx_word' id='word_1_154' title='bbox 724 2609 758 2693; x_wconf 72' lang='lat' dir='ltr'><strong><em>ll.</em></strong></span> <span class='ocrx_word' id='word_1_155' title='bbox 783 2607 869 2687; x_wconf 88' lang='lat' dir='ltr'><strong><em>Non,</em></strong></span> <span class='ocrx_word' id='word_1_156' title='bbox 892 2607 951 2672; x_wconf 87' lang='lat' dir='ltr'><strong><em>sed</em></strong></span> <span class='ocrx_word' id='word_1_157' title='bbox 983 2610 1056 2672; x_wconf 89' lang='lat' dir='ltr'><strong><em>tan-</em></strong></span> 
     </span>
     <span class='ocr_line' id='line_1_26' title="bbox 26 2698 789 2781; baseline 0 -20"><span class='ocrx_word' id='word_1_158' title='bbox 26 2705 102 2764; x_wconf 86' lang='lat' dir='ltr'><strong><em>tum</em></strong></span> <span class='ocrx_word' id='word_1_159' title='bbox 126 2701 304 2764; x_wconf 85' lang='lat' dir='ltr'><strong><em>oonlrrmat</em></strong></span> <span class='ocrx_word' id='word_1_160' title='bbox 328 2698 577 2781; x_wconf 88' lang='lat' dir='ltr'><strong><em>promissionem</em></strong></span> <span class='ocrx_word' id='word_1_161' title='bbox 601 2701 642 2764; x_wconf 91' lang='lat' dir='ltr'><strong><em>de</em></strong></span> <span class='ocrx_word' id='word_1_162' title='bbox 665 2700 789 2763; x_wconf 85' lang='lat' dir='ltr'><strong><em>futuro.</em></strong></span> 
     </span>
    </p>

    <p class='ocr_par' dir='ltr' id='par_1_10' title="bbox 7 2785 1061 2964">
     <span class='ocr_line' id='line_1_27' title="bbox 7 2785 1061 2874; baseline -0.004 -18"><span class='ocrx_word' id='word_1_163' title='bbox 7 2785 75 2856; x_wconf 77' lang='lat' dir='ltr'><strong><em>Art.</em></strong></span> <span class='ocrx_word' id='word_1_164' title='bbox 102 2787 136 2854; x_wconf 79' lang='lat'><strong><em>2.</em></strong></span> <span class='ocrx_word' id='word_1_165' title='bbox 159 2785 210 2854; x_wconf 81' lang='lat' dir='ltr'><strong><em>An</em></strong></span> <span class='ocrx_word' id='word_1_166' title='bbox 232 2789 367 2855; x_wconf 86' lang='lat' dir='ltr'><strong><em>carnalis</em></strong></span> <span class='ocrx_word' id='word_1_167' title='bbox 404 2791 512 2874; x_wconf 88' lang='lat' dir='ltr'><strong><em>copula</em></strong></span> <span class='ocrx_word' id='word_1_168' title='bbox 537 2796 607 2873; x_wconf 86' lang='lat' dir='ltr'><strong><em>post</em></strong></span> <span class='ocrx_word' id='word_1_169' title='bbox 627 2787 717 2855; x_wconf 83' lang='lat' dir='ltr'><strong><em>acrba</em></strong></span> <span class='ocrx_word' id='word_1_170' title='bbox 751 2785 786 2852; x_wconf 81' lang='lat' dir='ltr'><strong><em>iu</em></strong></span> <span class='ocrx_word' id='word_1_171' title='bbox 819 2787 926 2871; x_wconf 77' lang='lat' dir='ltr'><strong><em>futuro</em></strong></span> <span class='ocrx_word' id='word_1_172' title='bbox 960 2787 1061 2869; x_wconf 71' lang='lat' dir='ltr'><strong><em>sociat</em></strong></span> 
     </span>
     <span class='ocr_line' id='line_1_28' title="bbox 26 2877 1059 2964; baseline -0.003 -20"><span class='ocrx_word' id='word_1_173' title='bbox 26 2879 277 2945; x_wconf 87' lang='lat' dir='ltr'><strong><em>matrimonium.</em></strong></span> <span class='ocrx_word' id='word_1_174' title='bbox 294 2881 329 2964; x_wconf 76' lang='lat' dir='ltr'><strong><em>tl.</em></strong></span> <span class='ocrx_word' id='word_1_175' title='bbox 352 2877 434 2958; x_wconf 77' lang='lat' dir='ltr'><strong><em>Non,</em></strong></span> <span class='ocrx_word' id='word_1_176' title='bbox 459 2879 522 2945; x_wconf 91' lang='lat' dir='ltr'><strong><em>nisi</em></strong></span> <span class='ocrx_word' id='word_1_177' title='bbox 536 2880 579 2944; x_wconf 89' lang='lat' dir='ltr'><strong><em>sil</em></strong></span> <span class='ocrx_word' id='word_1_178' title='bbox 595 2897 701 2945; x_wconf 86' lang='lat' dir='ltr'><strong><em>novus</em></strong></span> <span class='ocrx_word' id='word_1_179' title='bbox 717 2895 896 2944; x_wconf 88' lang='lat' dir='ltr'><strong><em>consensus</em></strong></span> <span class='ocrx_word' id='word_1_180' title='bbox 913 2895 990 2941; x_wconf 90' lang='lat' dir='ltr'><strong><em>cum</em></strong></span> <span class='ocrx_word' id='word_1_181' title='bbox 1008 2896 1059 2942; x_wconf 89' lang='lat' dir='ltr'><strong><em>re·</em></strong></span> 
     </span>
    </p>

    <p class='ocr_par' dir='ltr' id='par_1_11' title="bbox 51 2968 173 3034">
     <span class='ocr_line' id='line_1_29' title="bbox 51 2968 173 3034; baseline -0.008 -1"><span class='ocrx_word' id='word_1_182' title='bbox 51 2968 173 3034; x_wconf 90' lang='lat' dir='ltr'><strong><em>uisitis.</em></strong></span> 
     </span>
    </p>

    <p class='ocr_par' dir='ltr' id='par_1_12' title="bbox 28 2987 1096 3574">
     <span class='ocr_line' id='line_1_30' title="bbox 28 2987 1056 3143; baseline 0 -21"><span class='ocrx_word' id='word_1_183' title='bbox 28 2987 133 3141; x_wconf 66' lang='grc' dir='ltr'><strong><em>ξῖΩιιί</em></strong></span> <span class='ocrx_word' id='word_1_184' title='bbox 158 3046 296 3124; x_wconf 86' lang='lat' dir='ltr'><strong><em>dellorat</em></strong></span> <span class='ocrx_word' id='word_1_185' title='bbox 319 3056 462 3143; x_wconf 86' lang='lat' dir='ltr'><strong><em>aliquam</em></strong></span> <span class='ocrx_word' id='word_1_186' title='bbox 484 3059 547 3125; x_wconf 92' lang='lat' dir='ltr'><strong><em>sub</em></strong></span> <span class='ocrx_word' id='word_1_187' title='bbox 568 3055 675 3142; x_wconf 88' lang='lat' dir='ltr'><strong><em>specie</em></strong></span> <span class='ocrx_word' id='word_1_188' title='bbox 698 3053 906 3123; x_wconf 88' lang='lat' dir='ltr'><strong><em>matrimonii</em></strong></span> <span class='ocrx_word' id='word_1_189' title='bbox 920 3058 1056 3124; x_wconf 89' lang='lat' dir='ltr'><strong><em>tenetur</em></strong></span> 
     </span>
     <span class='ocr_line' id='line_1_31' title="bbox 28 3145 1059 3233; baseline 0 -21"><span class='ocrx_word' id='word_1_190' title='bbox 28 3165 103 3212; x_wconf 86' lang='lat' dir='ltr'><strong><em>eum</em></strong></span> <span class='ocrx_word' id='word_1_191' title='bbox 129 3145 263 3227; x_wconf 86' lang='lat' dir='ltr'><strong><em>ducere,</em></strong></span> <span class='ocrx_word' id='word_1_192' title='bbox 286 3145 314 3212; x_wconf 91' lang='lat' dir='ltr'><strong><em>si</em></strong></span> <span class='ocrx_word' id='word_1_193' title='bbox 336 3147 378 3213; x_wconf 91' lang='lat' dir='ltr'><strong><em>sit</em></strong></span> <span class='ocrx_word' id='word_1_194' title='bbox 400 3149 546 3233; x_wconf 86' lang='lat' dir='ltr'><strong><em>aequalis</em></strong></span> <span class='ocrx_word' id='word_1_195' title='bbox 565 3147 776 3227; x_wconf 90' lang='lat' dir='ltr'><strong><em>conditionis,</em></strong></span> <span class='ocrx_word' id='word_1_196' title='bbox 792 3147 845 3212; x_wconf 85' lang='lat' dir='ltr'><strong><em>vel</em></strong></span> <span class='ocrx_word' id='word_1_197' title='bbox 870 3165 990 3230; x_wconf 89' lang='lat' dir='ltr'><strong><em>sponsa</em></strong></span> <span class='ocrx_word' id='word_1_198' title='bbox 1014 3145 1059 3212; x_wconf 86' lang='lat' dir='ltr'><strong><em>sil</em></strong></span> 
     </span>
     <span class='ocr_line' id='line_1_32' title="bbox 30 3235 1061 3320; baseline -0.001 -18"><span class='ocrx_word' id='word_1_199' title='bbox 30 3235 195 3315; x_wconf 86' lang='lat' dir='ltr'><strong><em>melioris,</em></strong></span> <span class='ocrx_word' id='word_1_200' title='bbox 220 3238 277 3302; x_wconf 91' lang='lat' dir='ltr'><strong><em>sed</em></strong></span> <span class='ocrx_word' id='word_1_201' title='bbox 300 3235 326 3302; x_wconf 85' lang='lat' dir='ltr'><strong><em>si</em></strong></span> <span class='ocrx_word' id='word_1_202' title='bbox 365 3237 462 3304; x_wconf 83' lang='lat' dir='ltr'><strong><em>aliam</em></strong></span> <span class='ocrx_word' id='word_1_203' title='bbox 500 3238 633 3304; x_wconf 86' lang='lat' dir='ltr'><strong><em>duxerit</em></strong></span> <span class='ocrx_word' id='word_1_204' title='bbox 656 3237 721 3303; x_wconf 87' lang='lat' dir='ltr'><strong><em>iam</em></strong></span> <span class='ocrx_word' id='word_1_205' title='bbox 746 3242 795 3302; x_wconf 91' lang='lat' dir='ltr'><strong><em>est</em></strong></span> <span class='ocrx_word' id='word_1_206' title='bbox 822 3236 929 3303; x_wconf 88' lang='lat' dir='ltr'><strong><em>factus</em></strong></span> <span class='ocrx_word' id='word_1_207' title='bbox 953 3235 1061 3320; x_wconf 88' lang='lat' dir='ltr'><strong><em>impo-</em></strong></span> 
     </span>
     <span class='ocr_line' id='line_1_33' title="bbox 30 3326 1062 3416; baseline -0.002 -24"><span class='ocrx_word' id='word_1_208' title='bbox 30 3330 106 3392; x_wconf 88' lang='lat' dir='ltr'><strong><em>tens</em></strong></span> <span class='ocrx_word' id='word_1_209' title='bbox 132 3326 175 3392; x_wconf 90' lang='lat' dir='ltr'><strong><em>ad</em></strong></span> <span class='ocrx_word' id='word_1_210' title='bbox 199 3328 352 3410; x_wconf 89' lang='lat' dir='ltr'><strong><em>primam,</em></strong></span> <span class='ocrx_word' id='word_1_211' title='bbox 368 3332 402 3393; x_wconf 90' lang='lat' dir='ltr'><strong><em>et</em></strong></span> <span class='ocrx_word' id='word_1_212' title='bbox 423 3327 544 3394; x_wconf 83' lang='lat' dir='ltr'><strong><em>sufficit</em></strong></span> <span class='ocrx_word' id='word_1_213' title='bbox 565 3328 592 3392; x_wconf 90' lang='lat' dir='ltr'><strong><em>si</em></strong></span> <span class='ocrx_word' id='word_1_214' title='bbox 616 3328 791 3412; x_wconf 87' lang='lat' dir='ltr'><strong><em>provideat</em></strong></span> <span class='ocrx_word' id='word_1_215' title='bbox 805 3326 903 3416; x_wconf 88' lang='lat' dir='ltr'><strong><em>illam</em></strong></span> <span class='ocrx_word' id='word_1_216' title='bbox 927 3327 969 3391; x_wconf 88' lang='lat' dir='ltr'><strong><em>de</em></strong></span> <span class='ocrx_word' id='word_1_217' title='bbox 996 3345 1062 3391; x_wconf 82' lang='lat' dir='ltr'><strong><em>rru-</em></strong></span> 
     </span>
     <span class='ocr_line' id='line_1_34' title="bbox 30 3413 1096 3504; baseline 0.002 -24"><span class='ocrx_word' id='word_1_218' title='bbox 30 3417 120 3499; x_wconf 89' lang='lat' dir='ltr'><strong><em>ptiis,</em></strong></span> <span class='ocrx_word' id='word_1_219' title='bbox 145 3416 203 3483; x_wconf 83' lang='lat' dir='ltr'><strong><em>sed</em></strong></span> <span class='ocrx_word' id='word_1_220' title='bbox 218 3415 246 3484; x_wconf 88' lang='lat' dir='ltr'><strong><em>si</em></strong></span> <span class='ocrx_word' id='word_1_221' title='bbox 269 3417 407 3485; x_wconf 90' lang='lat' dir='ltr'><strong><em>luerunt</em></strong></span> <span class='ocrx_word' id='word_1_222' title='bbox 444 3437 596 3502; x_wconf 87' lang='lat' dir='ltr'><strong><em>expressa</em></strong></span> <span class='ocrx_word' id='word_1_223' title='bbox 624 3417 717 3504; x_wconf 82' lang='lat' dir='ltr'><strong><em>signa</em></strong></span> <span class='ocrx_word' id='word_1_224' title='bbox 753 3413 891 3498; x_wconf 80' lang='lat' dir='ltr'><strong><em>tuendis,</em></strong></span> <span class='ocrx_word' id='word_1_225' title='bbox 916 3433 984 3481; x_wconf 94' lang='lat' dir='ltr'><strong><em>non</em></strong></span> <span class='ocrx_word' id='word_1_226' title='bbox 1010 3419 1059 3482; x_wconf 90' lang='lat' dir='ltr'><strong><em>te·</em></strong></span> <span class='ocrx_word' id='word_1_227' title='bbox 1093 3427 1096 3431; x_wconf 84' lang='grc'><em>·</em></span> 
     </span>
     <span class='ocr_line' id='line_1_35' title="bbox 28 3511 146 3574; baseline -0.025 0"><span class='ocrx_word' id='word_1_228' title='bbox 28 3511 146 3574; x_wconf 86' lang='lat' dir='ltr'><strong><em>netur.</em></strong></span> 
     </span>
    </p>
   </div>
   <div class='ocr_carea' id='block_1_7' title="bbox 0 0 1316 4220">
    <p class='ocr_par' dir='ltr' id='par_1_13' title="bbox 0 0 1316 4220">
     <span class='ocr_line' id='line_1_36' title="bbox 0 0 1316 4220; baseline 0 0"><span class='ocrx_word' id='word_1_229' title='bbox 0 0 1316 4220; x_wconf 95' lang='lat' dir='ltr'><strong><em> </em></strong></span> 
     </span>
    </p>
   </div>
  </div>
 </body>
</html>
