2608 4220
250 109 317 179 536
558 127 604 178 nx
629 122 894 178 surannnnnro

229 246 336 330 prima
350 243 632 318 descendentium,
646 246 683 308 ut
702 247 795 326 pater
810 241 981 325 adoptans,
995 246 1029 308 et
1044 241 1131 310 titius
1142 244 1250 326 adop·

229 335 288 401 tati
300 355 309 414 ;
331 335 477 400 secunda
499 353 559 416 per
582 333 717 398 modum
740 331 908 398 affinitatis
931 331 1020 399 inter
1042 337 1189 416 patrem,
1216 337 1251 396 ct

228 443 366 490 uxorem
390 423 448 488 mii
472 423 628 506 adoptati,
645 427 678 487 et
701 421 806 488 filium
822 422 1026 504 adoptatum,
1050 427 1083 487 et
1107 439 1249 486 uxorem

228 513 330 598 patris
353 513 550 595 adoptantis,
573 517 606 577 ct
622 517 762 598 utraque
779 515 976 594 perpetuum
994 510 1251 576 matrimonium

229 601 438 687 impediunt;
463 603 561 668 tertia
585 601 674 668 inter
696 603 887 684 adoptatum
917 604 949 666 et
977 599 1083 666 tilium
1112 603 1252 666 natura·

231 692 319 772 icm,
354 695 387 758 ct
420 693 501 756 haec
533 692 639 758 solum
673 688 812 778 impedit
847 688 983 756 vivente
1019 693 1113 774 patre
1147 689 1253 773 adop-

231 786 334 849 tante.

577 955 765 1044 QUAEsrto
789 955 889 1028 Lvtlt.

247 1141 338 1206 De
361 1138 799 1222 impedimento
823 1139 1204 1220 frigiditatis,

468 1232 775 1310 maleficii,
800 1229 992 1310 furiae,

216 1320 535 1400 amentiae,
561 1322 835 1477 1ηέῗὲἷῖιέ
860 1325 924 1386 ot
955 1319 1241 1388 desectus

210 1584 278 1653 Art.
304 1582 334 1652 i,
362 1584 470 1652 Utram
492 1585 650 1670 frigiditas
679 1586 826 1672 impediat
853 1589 1093 1655 matrimonium.
1124 1589 1163 1672 ἡ.
1185 1585 1254 1665 Sic,

233 1675 311 1759 quia
339 1695 406 1743 non
430 1680 537 1759 potest
560 1677 699 1743 reddere
722 1679 882 1746 debitum.
906 1677 1012 1755 Item,
1046 1677 1073 1742 si
1097 1683 1147 1742 cst
1170 1681 1256 1742 tem·

233 1763 366 1847 poraiis,
388 1765 442 1830 vel
466 1785 507 1830 ex
530 1767 699 1846 maleficio,
723 1787 797 1852 quac
821 1765 921 1850 possit
944 1766 1051 1833 iuvari
1075 1766 1254 1843 medicina,

234 1855 288 1920 vei
311 1873 464 1938 processu
486 1855 609 1934 aetatis,
627 1875 695 1922 non
712 1856 968 1940 impedit.1tcm,
985 1857 1028 1922 ad
1050 1873 1255 1941 cognoscen-

235 1944 316 2009 dum
339 1963 382 2009 an
406 1944 448 2009 sit
470 1951 638 2029 perpetua,
663 1945 802 2012 Ecclesia
825 1946 883 2011 dat
905 1944 1105 2027 triennium,
1130 1946 1256 2012 deinde

234 2033 382 2099 dissolvit
417 2035 665 2102 matrimonium
701 2055 769 2102 non
799 2040 1088 2115 consummatum,
1119 2036 1148 2101 si
1173 2054 1256 2102 vcro

233 2122 311 2199 nte,
330 2122 365 2188 in
389 2142 456 2208 quo
479 2130 549 2190 crat
572 2125 846 2209 impedimentum
881 2125 1053 2192 invenitur
1080 2143 1159 2192 cum
1191 2125 1256 2191 atia

234 2212 403 2276 carnalem
426 2215 576 2296 copulam
600 2216 771 2293 habuisse,
794 2214 1010 2300 reintegravit
1032 2215 1199 2300 primum,
1224 2219 1257 2280 et

234 2299 376 2366 solvitur
398 2305 590 2370 secundum.
615 2304 716 2384 item,
750 2304 777 2370 si
804 2305 952 2371 caliditas
981 2323 1040 2388 pcr
1070 2304 1256 2370 triennium

236 2390 414 2474 impediret
437 2393 707 2473 matrimonium,
741 2394 840 2459 etiam
869 2395 1022 2473 solvitur,
1048 2394 1186 2460 senibus
1210 2397 1258 2460 ta·

236 2497 315 2546 men
339 2483 530 2548 conceditur
554 2483 814 2566 matrimonium,
830 2483 908 2569 quia
923 2489 956 2550 et
977 2485 1004 2549 si
1026 2502 1094 2551 non
1119 2485 1258 2568 possunt

234 2587 414 2652 generare,
439 2577 549 2638 tamen
585 2579 721 2658 possunt
755 2575 876 2640 habere
901 2574 1063 2658 copulam.
1093 2572 1199 2652 item,
1231 2571 1257 2637 si

234 2657 357 2724 mulier
378 2661 460 2727 sciat
482 2663 593 2728 virum
617 2683 685 2730 essa
707 2662 876 2748 frigidum,
900 2667 934 2729 et
955 2661 1123 2730 contrahit
1138 2661 1256 2728 matri·

235 2747 387 2815 monium
418 2754 529 2832 tanat,
553 2753 722 2838 quianon
747 2753 885 2836 impedit
911 2756 1021 2820 actum
1048 2749 1257 2819 matrimonii

233 2837 277 2901 dc
300 2835 384 2920 iure,
408 2845 446 2905 ut
469 2843 745 2928 consanguinitas,
760 2846 818 2910 scd
835 2844 878 2908 de
896 2843 991 2909 tacto·
1008 2842 1106 2920 item,
1129 2845 1257 2908 arctata

235 2930 285 2990 cst
308 2926 475 3016 impedita,
498 2936 537 2998 ut
559 2932 707 3018 frigidm,
733 2932 796 2998 nisi
818 2932 996 3015 aperiatur.

211 3013 281 3082 Art.
304 3015 336 3082 2.
358 3016 408 3086 Aa
429 3022 610 3108 malificium
629 3025 728 3107 possit
740 3024 972 3090 matrimonium
986 3020 1140 3106 iroprdirc.
1168 3022 1206 3106 ri.
1221 3017 1261 3086 Si

235 3108 286 3170 est
309 3109 498 3191 temporale,
523 3132 609 3195 non;
631 3115 658 3179 si
681 3117 879 3198 perpetuum
902 3111 959 3192 sic,
974 3119 1009 3178 et
1025 3112 1125 3178 datur
1148 3109 1256 3176 trien·

235 3194 341 3260 nium.
377 3196 473 3280 item,
504 3201 557 3268 vir
583 3208 751 3286 separatus
774 3201 802 3268 si
826 3205 933 3286 potest
955 3203 1079 3269 nabere
1103 3200 1258 3283 copulam

235 3299 312 3350 cum
323 3286 436 3367 altera,
448 3295 553 3373 potest
568 3311 645 3358 cum
668 3312 706 3358 ea
721 3294 931 3372 contrahere,
954 3291 1033 3378 quia
1056 3289 1256 3356 maleficium

235 3377 343 3456 potest
365 3375 526 3461 impedire
548 3399 624 3446 cum
648 3399 714 3447 una
739 3386 880 3449 tantum.

213 3462 284 3529 Art.
307 3461 339 3531 3.
361 3465 410 3534 Aa
439 3473 525 3553 fario
558 3472 789 3540 matrimonium
823 3469 977 3554 impediat.
1010 3470 1045 3553 ri.
1064 3466 1144 3545 Sic,
1178 3468 1257 3552 quia

235 3552 321 3618 tollit
343 3571 438 3623 usum
463 3559 617 3638 rationis,
646 3564 703 3627 sed
727 3562 754 3626 si
778 3561 813 3627 in
837 3559 948 3628 incido
976 3556 1152 3624 intervallo
1174 3573 1255 3622 con-

236 3641 388 3722 trahitur,
412 3651 513 3713 tenet.
538 3649 629 3728 item,
652 3651 680 3716 si
696 3651 782 3716 turia
799 3650 893 3716 venit
907 3651 980 3732 post
992 3645 1255 3727 matrimonium,

233 3747 304 3800 noa
326 3731 434 3802 solvit.
456 3733 547 3818 item,
571 3736 657 3809 turia
679 3738 832 3825 impedit,
853 3741 892 3809 ιιι
913 3755 1018 3807 error.
