2622 4210
273 105 338 172 bib
545 120 586 170 nx
611 117 779 172 saeaaax
806 118 984 170 sacenae

589 341 767 428 Qaasrre
792 267 905 411 exvsr.

496 529 586 590 De
611 529 1000 592 liberalitato,

228 702 298 771 Art.
325 704 354 770 i.
378 703 426 772 Aa
451 703 617 770 liberalitas
640 706 683 768 sit
703 705 811 770 airtas.
844 705 878 787 rb.
909 702 977 780 Sia,
1005 702 1084 786 quia
1109 704 1205 769 bene
1237 704 1292 770 uti

252 797 310 872 his,
334 795 452 877 quibus
476 796 560 858 male
585 793 631 858 uti
656 812 835 874 passumus,
859 796 907 856 est
930 793 1045 858 virtus.

228 881 296 950 Art.
320 883 351 950 Ξ.
375 882 423 949 Aa
448 883 615 950 liberalitas
637 886 681 948 sit
701 885 784 948 eirea
800 885 955 966 pecunias.
980 884 1015 966 rb.
1040 882 1193 964 Proprie,
1223 883 1290 960 sie,

249 977 281 1037 et
299 974 433 1038 narniae
446 973 797 1056 peauxaiaesuntamnia
810 992 883 1054 quae
896 973 1101 1036 aestimantur
1116 973 1291 1054 pecunia.

226 1059 294 1128 Art.
319 1063 350 1128 3.
373 1061 422 1128 Aa
444 1067 493 1128 ati
512 1066 643 1146 penuaria
665 1065 708 1126 sit
729 1070 813 1126 aetas
834 1061 1038 1127 liberalitatis.
1058 1063 1091 1142 tl.
1108 1062 1174 1140 Sia,
1199 1061 1291 1146 quia

249 1157 328 1216 sunl
351 1155 516 1234 objectum
540 1155 619 1235 ejus
644 1157 676 1214 et
700 1153 747 1215 uti
771 1152 879 1228 adse,
903 1156 936 1213 et
959 1152 1001 1214 ad
1023 1149 1111 1216 alias.

227 1240 294 1307 Art.
318 1243 349 1308 b.
373 1239 421 1306 Aa
444 1243 483 1307 ati
506 1242 718 1307 liberalitatem
741 1242 872 1306 manime
891 1243 1047 1321 pertineat
1059 1240 1144 1308 dare.
1163 1244 1205 1326 rb.
1225 1241 1286 1308 Sie

251 1331 368 1412 iringis,
393 1351 489 1415 quam
516 1351 575 1414 pra
599 1350 632 1394 se
657 1330 866 1412 expedienda
891 1330 942 1392 vei
968 1333 1226 1408 conservando,
1254 1335 1291 1396 el

250 1421 383 1502 majoris
408 1421 593 1503 prudentiae
620 1425 668 1486 est
692 1419 829 1483 uitiiiter
859 1419 1033 1500 pecuniam
1062 1423 1289 1504 expendere,

250 1528 350 1591 quani
375 1512 499 1574 utiliter
522 1528 728 1574 eaaservare.

227 1595 296 1664 Art.
319 1599 350 1667 5.
374 1597 423 1665 Aa
448 1600 614 1666 liberalitas
636 1601 679 1664 sit
698 1618 771 1681 pars
788 1601 930 1680 justitia.
957 1601 991 1684 ri.
1021 1599 1091 1666 Non
1125 1605 1176 1666 est
1202 1602 1287 1684 ejus

250 1689 390 1770 speciae,
421 1692 478 1755 sed
514 1693 612 1755 habet
646 1687 912 1754 convenientiam
939 1707 1014 1754 eum
1038 1709 1076 1755 ea
1100 1689 1134 1755 in
1159 1690 1289 1756 debito

251 1780 365 1842 morali
390 1784 423 1843 et
446 1779 606 1845 decentia.

228 1865 296 1935 Art.
320 1869 351 1934 6.
374 1868 423 1934 Aa
448 1870 615 1935 liberalitas
638 1871 682 1932 sit
703 1868 835 1932 maaima
858 1871 1017 1935 virtatem.
1043 1869 1078 1950 rb.
1094 1867 1177 1947 Nan,
1195 1870 1285 1953 quia

251 1958 323 2022 aiiae
347 1965 425 2023 ειιιιι
449 1961 533 2023 eirea
560 1958 694 2023 meliora
719 1960 815 2035 bona,
835 1962 871 2021 ut
887 1958 1115 2040 temperantia,
1129 1961 1283 2042 justitia.

583 2134 763 2218 QUAESTIO
790 2135 916 2203 extat.

242 2318 333 2382 De
359 2318 526 2383 vitiis
554 2320 912 2382 liberalitati
937 2320 1261 2399 oppositis,

227 2495 297 2561 Art.
323 2496 352 2560 i.
376 2493 424 2560 An
447 2498 582 2562 avaritia
604 2497 647 2559 sit
667 2503 830 2577 peccatam.
860 2497 895 2578 ab.
927 2494 993 2573 Sia,
1029 2495 1106 2579 quia
1139 2498 1279 2563 excedit

250 2587 386 2649 madum
413 2586 545 2650 virtutis
574 2586 609 2649 in
634 2585 836 2667 acquirenda
862 2593 895 2648 et
922 2585 1097 2650 retinendo
1121 2586 1155 2650 in
1182 2594 1278 2653 exie·

250 2674 330 2738 riari
354 2681 470 2740 entrtra
494 2675 681 2757 proximum
708 2675 741 2738 in
766 2676 882 2738 aiieetu
907 2680 1022 2740 eontra
1046 2674 1161 2740 Deum.
1180 2676 1277 2754 item,

251 2761 326 2826 lieet
355 2783 456 2829 senex
483 2768 526 2829 ab
557 2764 721 2828 deiectum
754 2771 883 2828 naturae
906 2764 1035 2829 avidius
1063 2770 1195 2848 quaerat
1221 2787 1279 2833 ex·

250 2851 370 2917 teriora
404 2855 563 2931 subsidia,
598 2855 655 2917 sed
689 2854 716 2918 si
743 2852 874 2918 excedit
904 2872 1094 2921 mensuram
1117 2855 1280 2934 rationis,

249 2947 372 3020 peceat.

226 3032 294 3094 Art.
318 3030 349 3096 2.
373 3030 421 3097 Aa
445 3037 579 3102 avaritia
600 3037 644 3099 sit
663 3034 790 3116 speciale
810 3041 976 3116 perentam.
1006 3035 1040 3118 ri.
1068 3033 1137 3112 Sie,
1164 3041 1200 3100 el
1225 3041 1277 3102 est

249 3120 485 3188 immoderatus
508 3143 600 3187 arnor
625 3124 767 3188 habendi
794 3123 1008 3204 passessiones
1031 3125 1073 3188 ab
1096 3125 1242 3206 abjecto.

227 3209 295 3275 Art.
320 3209 351 3278 3.
374 3212 423 3277 Aa
447 3217 581 3278 avaritia
604 3221 773 3293 opponatur
798 3211 988 3278 liberalitati.
1016 3214 1050 3296 ιι.
1074 3212 1136 3290 Sia,
1153 3213 1187 3277 in
1215 3219 1276 3282 de·

250 3300 317 3364 bite
344 3303 468 3378 irrorati,
492 3303 548 3366 sed
573 3303 606 3365 in
631 3304 758 3384 objecta
783 3302 875 3385 legali
900 3303 1079 3382 oprtenitur
1100 3304 1253 3385 jastiiiae.

225 3389 293 3455 Art.
318 3389 348 3453 le.
372 3390 419 3457 Aa
444 3395 578 3457 avaritia
600 3393 643 3455 sit
662 3401 815 3474 peccatam
838 3393 975 3457 mariale.
1008 3393 1042 3475 d.
1067 3391 1107 3456 Ut
1131 3397 1275 3476 apparti-

249 3483 459 3561 tusjustitiae
483 3488 531 3544 est
555 3483 690 3546 mortale
715 3503 754 3547 ex
779 3501 900 3565 genere
924 3500 999 3558 sue,
1028 3482 1090 3546 nisi
1115 3483 1273 3564 insperse-

248 3568 312 3634 etin
347 3579 438 3641 anius
471 3577 621 3638 excuset:
654 3572 712 3636 sed
742 3576 779 3636 ut
806 3569 987 3654 opponitur
1011 3570 1217 3650 liberalitati,
1243 3575 1270 3640 si

247 3660 423 3738 praefertur
446 3661 608 3740 charitati,
627 3664 675 3726 est
691 3664 862 3744 peecatum
878 3660 1032 3738 mortale3
1049 3661 1075 3726 si
1094 3681 1163 3728 nan
1179 3681 1266 3747 praa·

247 3746 353 3813 fertur
375 3756 424 3817 est
446 3751 601 3818 veniale.
