2604 4210
387 149 464 199 mm
487 146 634 199 rnomm.
925 117 990 195 333

6 287 235 367 explentibus,
266 307 408 372 quorum
437 286 603 370 judicium
634 287 809 368 reputatur
832 286 937 366 majus
961 303 1037 366 pro·

6 381 77 441 »ter
109 378 353 443 certitudinem
381 377 514 460 judicie
547 376 638 442 unde
662 397 679 440 a
705 374 814 458 pueris
847 393 914 438 non
943 393 1038 438 vere·

9 468 193 534 undatur.
224 469 320 546 ltem,
352 468 467 533 abbis
491 467 551 549 qui
575 468 705 542 obesse,
735 468 769 528 et
791 465 944 546 prodesse
968 483 1040 546 pos·

6 561 79 620 unt
99 562 243 640 proplcr
262 557 447 632 utilitatem,
461 557 513 620 vel
530 557 703 620 damnum.
717 553 809 629 ltem,
822 573 840 617 a
853 553 1041 635 conjunctis

6 647 132 730 nagiS,
163 648 243 730 quia
274 649 359 711 laeta
384 648 496 711 nostra
520 645 623 728 magis
647 644 878 719 considerant,
909 646 1041 708 etcum

5 735 47 798 ¹is
72 755 214 818 semper
239 755 422 813 versamur,
447 740 479 798 ct
502 735 548 798 sic
572 738 620 798 est
645 737 845 815 perpetuum
862 751 1043 798 nocumen-

7 845 89 894 um.
117 826 168 890 sic
193 847 211 890 a
237 825 490 908 propalantibus
521 827 657 906 propter
685 821 867 886 infamiam.
898 820 975 884 llem
1001 823 1042 885 ab

5 913 64 990 ris,
93 917 192 996 apud
210 934 292 999 quos
316 919 429 979 sumus
454 915 488 978 in
515 916 602 979 bona
626 911 795 995 opinione,
819 911 870 982 vel
888 912 1042 993 aquibus

5 1004 140 1086 utquid
167 1005 322 1086 petimus.

5 1102 51 1159 rt.
80 1093 117 1160 lr.
141 1093 193 1159 An
216 1096 252 1158 io
274 1094 422 1159 virtuosis
446 1091 621 1159 tonitribus
641 1094 739 1174 possit
764 1108 824 1157 esso
853 1089 1042 1156 verecundis.

5 1185 40 1264 is.
66 1183 158 1258 Non,
183 1183 267 1248 sicut
291 1203 354 1248 nec
377 1183 412 1246 in
435 1184 570 1247 senibus
593 1183 671 1265 quia
695 1201 763 1246 uon
784 1181 1042 1262 apprehendunt

5 1291 101 1349 eam,
134 1275 175 1336 ut
199 1272 385 1354 possibilem
409 1270 491 1348 sibi,
521 1272 573 1336 vel
598 1271 690 1355 quasi
715 1291 782 1335 nou
806 1269 899 1334 facile
922 1269 1042 1334 vitabi-

5 1363 94 1439 lcm;
119 1367 202 1427 sunt
225 1367 336 1426 tamen
362 1360 522 1443 dispositi,
546 1362 635 1444 quod
658 1360 686 1425 si
709 1358 744 1424 in
769 1359 814 1426 eis
834 1378 901 1424 esse
917 1358 1042 1442 aliquid

5 1455 124 1533 turpe,
149 1453 479 1527 verecundarentur3
508 1449 556 1514 sic
581 1469 642 1515 nec
670 1449 819 1514 homines
846 1451 1041 1530 peccatores,

5 1541 67 1622 qui
94 1541 283 1622 gloriantur
306 1541 347 1606 de
373 1539 523 1622 peccatis,
549 1540 626 1624 quia
650 1548 699 1617 ea,
722 1558 796 1622 quae
823 1541 902 1603 sunt
924 1539 1043 1602 erube·

5 1630 155 1708 scibilia,
181 1650 248 1695 non
272 1630 543 1713 apprehendunt,
567 1633 606 1694 ut
629 1629 751 1711 turpia.

10 1719 25 1746 ’
49 1719 209 1784 Defectus
233 1719 444 1784 verecundiae
468 1722 516 1782 est
540 1718 575 1784 in
600 1719 762 1801 pessimis,
792 1721 825 1782 et
851 1716 886 1782 in
911 1716 1043 1798 optimis

11 1809 97 1872 viris
121 1811 168 1874 ob
191 1809 336 1874 diversas
360 1827 490 1886 causas,
513 1809 572 1873 sed
595 1813 643 1874 est
670 1811 770 1873 etiam
800 1807 835 1873 in
871 1806 950 1885 illis,
986 1805 1043 1887 qui

15 1899 222 1980 participant
245 1901 288 1964 de
310 1902 463 1981 utroque.

349 2074 528 2160 Qunsrro
557 2073 670 2144 oxuv.
749 2163 750 2166 Ὺ

289 2259 380 2322 De
407 2259 750 2322 honestate.

4 2433 59 2503 lrt.
87 2437 117 2502 l.
149 2435 199 2501 Ao
221 2439 379 2502 honestum
402 2438 446 2500 sit
467 2433 544 2500 idem
567 2453 634 2501 oum
656 2435 780 2500 uirtute.
813 2435 848 2517 il.
871 2432 939 2508 Sic,
966 2433 1046 2517 quia

17 2533 62 2589 est
94 2526 189 2610 quasi
216 2527 351 2591 honoris
380 2530 499 2603 status,
528 2525 584 2608 qui
612 2527 720 2589 bonor
744 2523 884 2588 debetur
907 2522 1045 2600 virtuti,

17 2621 47 2678 et
71 2616 180 2679 virtus
204 2616 238 2679 in
262 2633 296 2679 se
321 2617 420 2680 babet
446 2615 589 2697 aliquam
622 2613 784 2678 rationem
816 2611 988 2692 bonitatis,
1013 2618 1047 2676 et

19 2707 79 2768 boc
112 2705 237 2768 sullicit
270 2705 313 2769 ad
348 2705 510 2769 rationem
536 2703 680 2782 bonesti,
715 2701 865 2768 etiamsi
890 2700 936 2767 nil
963 2701 1043 2768 boni

19 2799 222 2858 causaretur.

4 2881 63 2950 lrt.
91 2885 124 2950 2.
149 2881 199 2948 Aa
221 2887 377 2949 tooestum
400 2882 540 2948 silidam
564 2883 644 2965 quod
664 2881 813 2949 decorum.
838 2882 872 2965 ri.
897 2879 948 2946 Sic
967 2897 1046 2945 eum

20 2975 147 3038 decoro
169 2973 342 3054 spirituali.
367 2978 399 3036 et
422 2978 470 3036 est
493 2974 626 3056 quando
650 2969 868 3049 conversatio,
887 2989 944 3035 seu
962 2971 1047 3036 actio

20 3063 172 3126 bominis
204 3065 252 3126 est
284 3065 385 3138 bona,
414 3067 445 3126 et
474 3063 720 3143 proportionata
748 3061 930 3125 secundum
953 3061 1051 3141 spiri·

28 3154 158 3217 lunlcm
182 3151 363 3217 claritatem
388 3151 533 3228 rationis,
557 3154 589 3213 et
614 3153 683 3216 baec
705 3153 753 3214 est
777 3150 859 3215 ratio
884 3152 1021 3214 bonesti.

9 3239 71 3306 Art.
98 3242 128 3307 3.
154 3240 203 3308 Ao
226 3245 383 3307 honestam
405 3239 576 3320 differotob
591 3243 677 3322 utili,
694 3248 724 3304 et
738 3239 915 3306 delectabili.
934 3241 967 3323 ll.
987 3239 1049 3304 Ho-

27 3337 156 3396 nestum
182 3337 232 3394 est
257 3331 383 3395 bomini
409 3329 601 3395 delectabile
627 3330 831 3407 naturaliter,
855 3329 931 3414 quia
956 3329 1050 3393 estol

25 3421 227 3486 conveniens
251 3439 327 3484 cum
352 3419 439 3484 dicat
462 3421 620 3484 decorum
647 3420 840 3484 ordinatum
864 3441 882 3482 a
909 3419 1047 3493 milone,

26 3515 76 3574 sed
101 3509 315 3587 delectabile,
345 3509 529 3573 secundum
558 3512 736 3584 rationem,
769 3528 836 3572 non
859 3508 1044 3571 secundum

28 3616 167 3665 sursum.

10 3689 67 3755 lrt.
94 3689 125 3756 l.
148 3687 199 3755 Ao
223 3690 362 3755 honestos
384 3687 488 3755 deleat
508 3690 583 3771 poni
602 3707 676 3772 pars
700 3683 1050 3772 cupersanense,
