<?xml version="1.0" encoding="UTF-8"?>
<!DOCTYPE html PUBLIC "-//W3C//DTD XHTML 1.0 Transitional//EN"
    "http://www.w3.org/TR/xhtml1/DTD/xhtml1-transitional.dtd">
<html xmlns="http://www.w3.org/1999/xhtml" xml:lang="en" lang="en">
 <head>
  <title>
</title>
<meta http-equiv="Content-Type" content="text/html;charset=utf-8" />
  <meta name='ocr-system' content='tesseract 3.04.00' />
  <meta name='ocr-capabilities' content='ocr_page ocr_carea ocr_par ocr_line ocrx_word'/>
</head>
<body>
  <div class='ocr_page' id='page_1' title='image "./theologicsummco00thomgoog_0337.png"; bbox 0 0 2622 4210; ppageno 0'>
   <div class='ocr_carea' id='block_1_1' title="bbox 219 109 915 180">
    <p class='ocr_par' dir='ltr' id='par_1_1' title="bbox 219 109 915 180">
     <span class='ocr_line' id='line_1_1' title="bbox 219 109 915 180; baseline -0.003 -4"><span class='ocrx_word' id='word_1_1' title='bbox 219 109 284 176; x_wconf 78' lang='lat'>326</span> <span class='ocrx_word' id='word_1_2' title='bbox 428 173 431 180; x_wconf 89' lang='grc'><strong>,</strong></span> <span class='ocrx_word' id='word_1_3' title='bbox 476 127 523 176; x_wconf 80' lang='lat' dir='ltr'>ux</span> <span class='ocrx_word' id='word_1_4' title='bbox 547 122 714 176; x_wconf 82' lang='lat' dir='ltr'>suounnn</span> <span class='ocrx_word' id='word_1_5' title='bbox 739 121 915 176; x_wconf 73' lang='lat' dir='ltr'>suouunu</span> 
     </span>
    </p>
   </div>
   <div class='ocr_carea' id='block_1_2' title="bbox 172 264 1297 1515">
    <p class='ocr_par' dir='ltr' id='par_1_2' title="bbox 173 264 1297 691">
     <span class='ocr_line' id='line_1_2' title="bbox 197 264 1297 350; baseline 0 -21"><span class='ocrx_word' id='word_1_6' title='bbox 197 285 308 332; x_wconf 87' lang='lat' dir='ltr'>amore</span> <span class='ocrx_word' id='word_1_7' title='bbox 332 267 476 331; x_wconf 89' lang='lat' dir='ltr'>naturali</span> <span class='ocrx_word' id='word_1_8' title='bbox 499 286 564 349; x_wconf 92' lang='lat' dir='ltr'>quo</span> <span class='ocrx_word' id='word_1_9' title='bbox 587 265 661 350; x_wconf 89' lang='lat' dir='ltr'>quis</span> <span class='ocrx_word' id='word_1_10' title='bbox 684 267 772 329; x_wconf 87' lang='lat' dir='ltr'>amat</span> <span class='ocrx_word' id='word_1_11' title='bbox 795 283 887 329; x_wconf 88' lang='lat' dir='ltr'>suam</span> <span class='ocrx_word' id='word_1_12' title='bbox 911 283 1058 343; x_wconf 86' lang='lat' dir='ltr'>earnem,</span> <span class='ocrx_word' id='word_1_13' title='bbox 1083 264 1126 330; x_wconf 88' lang='lat' dir='ltr'>de</span> <span class='ocrx_word' id='word_1_14' title='bbox 1150 285 1225 349; x_wconf 90' lang='lat' dir='ltr'>quo</span> <span class='ocrx_word' id='word_1_15' title='bbox 1296 295 1297 306; x_wconf 23' lang='grc' dir='ltr'><strong>κ</strong></span> 
     </span>
     <span class='ocr_line' id='line_1_3' title="bbox 197 357 1297 439; baseline 0.001 -20"><span class='ocrx_word' id='word_1_16' title='bbox 197 375 264 420; x_wconf 96' lang='lat' dir='ltr'>non</span> <span class='ocrx_word' id='word_1_17' title='bbox 290 357 467 439; x_wconf 86' lang='lat' dir='ltr'>loquimur,</span> <span class='ocrx_word' id='word_1_18' title='bbox 491 361 553 422; x_wconf 86' lang='lat' dir='ltr'>eto.</span> <span class='ocrx_word' id='word_1_19' title='bbox 1296 361 1297 368; x_wconf 78' lang='grc'>’</span> 
     </span>
     <span class='ocr_line' id='line_1_4' title="bbox 173 441 1225 528; baseline 0 -20"><span class='ocrx_word' id='word_1_20' title='bbox 173 441 241 510; x_wconf 81' lang='lat' dir='ltr'>Art.</span> <span class='ocrx_word' id='word_1_21' title='bbox 266 445 297 512; x_wconf 79' lang='lat' dir='ltr'>d.</span> <span class='ocrx_word' id='word_1_22' title='bbox 326 444 376 512; x_wconf 84' lang='lat' dir='ltr'>Ao</span> <span class='ocrx_word' id='word_1_23' title='bbox 408 449 561 528; x_wconf 81' lang='lat' dir='ltr'>patientia</span> <span class='ocrx_word' id='word_1_24' title='bbox 594 449 637 510; x_wconf 83' lang='lat' dir='ltr'>sit</span> <span class='ocrx_word' id='word_1_25' title='bbox 667 465 741 528; x_wconf 80' lang='lat' dir='ltr'>pora</span> <span class='ocrx_word' id='word_1_26' title='bbox 770 444 976 528; x_wconf 74' lang='lat' dir='ltr'>fortitudinis.</span> <span class='ocrx_word' id='word_1_27' title='bbox 1007 445 1042 528; x_wconf 65' lang='lat' dir='ltr'>ri.</span> <span class='ocrx_word' id='word_1_28' title='bbox 1080 442 1150 523; x_wconf 84' lang='lat' dir='ltr'>Sic,</span> <span class='ocrx_word' id='word_1_29' title='bbox 1182 448 1225 509; x_wconf 91' lang='lat' dir='ltr'>ut</span> 
     </span>
     <span class='ocr_line' id='line_1_5' title="bbox 195 533 1222 619; baseline 0.001 -22"><span class='ocrx_word' id='word_1_30' title='bbox 195 535 301 600; x_wconf 85' lang='lat' dir='ltr'>virtus</span> <span class='ocrx_word' id='word_1_31' title='bbox 330 536 525 601; x_wconf 85' lang='lat' dir='ltr'>secundaria</span> <span class='ocrx_word' id='word_1_32' title='bbox 554 537 712 618; x_wconf 87' lang='lat' dir='ltr'>adjuncta</span> <span class='ocrx_word' id='word_1_33' title='bbox 741 535 917 619; x_wconf 86' lang='lat' dir='ltr'>principali</span> <span class='ocrx_word' id='word_1_34' title='bbox 948 553 1022 617; x_wconf 85' lang='lat' dir='ltr'>quae</span> <span class='ocrx_word' id='word_1_35' title='bbox 1053 539 1102 598; x_wconf 89' lang='lat' dir='ltr'>est</span> <span class='ocrx_word' id='word_1_36' title='bbox 1128 533 1222 598; x_wconf 87' lang='lat' dir='ltr'>eirea</span> 
     </span>
     <span class='ocr_line' id='line_1_6' title="bbox 196 630 349 691; baseline 0.02 -3"><span class='ocrx_word' id='word_1_37' title='bbox 196 630 349 691; x_wconf 89' lang='lat' dir='ltr'>mortem.</span> 
     </span>
    </p>

    <p class='ocr_par' dir='ltr' id='par_1_3' title="bbox 172 712 1222 1515">
     <span class='ocr_line' id='line_1_7' title="bbox 197 712 1222 796; baseline -0.001 -18"><span class='ocrx_word' id='word_1_38' title='bbox 197 712 266 778; x_wconf 86' lang='lat' dir='ltr'>*tn</span> <span class='ocrx_word' id='word_1_39' title='bbox 292 715 422 796; x_wconf 92' lang='lat' dir='ltr'>injuriis</span> <span class='ocrx_word' id='word_1_40' title='bbox 450 715 591 796; x_wconf 93' lang='lat' dir='ltr'>propriis</span> <span class='ocrx_word' id='word_1_41' title='bbox 622 734 690 779; x_wconf 90' lang='lat' dir='ltr'>esse</span> <span class='ocrx_word' id='word_1_42' title='bbox 725 713 921 796; x_wconf 80' lang='lat' dir='ltr'>patientem,</span> <span class='ocrx_word' id='word_1_43' title='bbox 955 716 1003 776; x_wconf 86' lang='lat' dir='ltr'>est</span> <span class='ocrx_word' id='word_1_44' title='bbox 1036 714 1222 792; x_wconf 82' lang='lat' dir='ltr'>laudabile,</span> 
     </span>
     <span class='ocr_line' id='line_1_8' title="bbox 194 803 1220 888; baseline 0.001 -22"><span class='ocrx_word' id='word_1_45' title='bbox 194 804 251 868; x_wconf 90' lang='lat' dir='ltr'>sed</span> <span class='ocrx_word' id='word_1_46' title='bbox 275 803 311 868; x_wconf 93' lang='lat' dir='ltr'>in</span> <span class='ocrx_word' id='word_1_47' title='bbox 335 804 466 888; x_wconf 89' lang='lat' dir='ltr'>injuriis</span> <span class='ocrx_word' id='word_1_48' title='bbox 489 804 547 868; x_wconf 88' lang='lat' dir='ltr'>Dei</span> <span class='ocrx_word' id='word_1_49' title='bbox 572 823 639 868; x_wconf 90' lang='lat' dir='ltr'>esse</span> <span class='ocrx_word' id='word_1_50' title='bbox 663 803 854 884; x_wconf 87' lang='lat' dir='ltr'>patientem,</span> <span class='ocrx_word' id='word_1_51' title='bbox 879 808 927 867; x_wconf 89' lang='lat' dir='ltr'>est</span> <span class='ocrx_word' id='word_1_52' title='bbox 946 803 1045 867; x_wconf 93' lang='lat' dir='ltr'>nimis</span> <span class='ocrx_word' id='word_1_53' title='bbox 1064 804 1220 885; x_wconf 91' lang='lat' dir='ltr'>impium.</span> 
     </span>
     <span class='ocr_line' id='line_1_9' title="bbox 172 889 1221 977; baseline 0.002 -21"><span class='ocrx_word' id='word_1_54' title='bbox 172 889 239 958; x_wconf 83' lang='lat' dir='ltr'>Art.</span> <span class='ocrx_word' id='word_1_55' title='bbox 264 893 294 959; x_wconf 82' lang='lat'>5.</span> <span class='ocrx_word' id='word_1_56' title='bbox 319 892 367 960; x_wconf 81' lang='lat' dir='ltr'>Aa</span> <span class='ocrx_word' id='word_1_57' title='bbox 387 897 542 977; x_wconf 81' lang='lat' dir='ltr'>patientia</span> <span class='ocrx_word' id='word_1_58' title='bbox 564 897 607 959; x_wconf 83' lang='lat' dir='ltr'>stt</span> <span class='ocrx_word' id='word_1_59' title='bbox 629 893 707 959; x_wconf 79' lang='lat' dir='ltr'>idem</span> <span class='ocrx_word' id='word_1_60' title='bbox 729 893 808 976; x_wconf 82' lang='lat' dir='ltr'>qood</span> <span class='ocrx_word' id='word_1_61' title='bbox 835 893 1062 975; x_wconf 79' lang='lat' dir='ltr'>loapanimttos.</span> <span class='ocrx_word' id='word_1_62' title='bbox 1093 895 1128 977; x_wconf 63' lang='lat' dir='ltr'>rt,</span> <span class='ocrx_word' id='word_1_63' title='bbox 1158 891 1221 958; x_wconf 89' lang='lat' dir='ltr'>Po-</span> 
     </span>
     <span class='ocr_line' id='line_1_10' title="bbox 195 981 1220 1067; baseline 0.002 -21"><span class='ocrx_word' id='word_1_64' title='bbox 195 986 258 1046; x_wconf 81' lang='lat' dir='ltr'>test</span> <span class='ocrx_word' id='word_1_65' title='bbox 281 985 461 1048; x_wconf 82' lang='lat' dir='ltr'>convenire</span> <span class='ocrx_word' id='word_1_66' title='bbox 485 1003 560 1048; x_wconf 89' lang='lat' dir='ltr'>eum</span> <span class='ocrx_word' id='word_1_67' title='bbox 585 1004 639 1061; x_wconf 86' lang='lat' dir='ltr'>ee,</span> <span class='ocrx_word' id='word_1_68' title='bbox 668 983 746 1067; x_wconf 88' lang='lat' dir='ltr'>quia</span> <span class='ocrx_word' id='word_1_69' title='bbox 775 987 915 1065; x_wconf 84' lang='lat' dir='ltr'>utraque</span> <span class='ocrx_word' id='word_1_70' title='bbox 938 983 1078 1047; x_wconf 88' lang='lat' dir='ltr'>sustinet</span> <span class='ocrx_word' id='word_1_71' title='bbox 1107 981 1220 1066; x_wconf 82' lang='lat' dir='ltr'>atique</span> 
     </span>
     <span class='ocr_line' id='line_1_11' title="bbox 195 1071 1219 1156; baseline 0.001 -21"><span class='ocrx_word' id='word_1_72' title='bbox 195 1073 280 1137; x_wconf 88' lang='lat' dir='ltr'>mata</span> <span class='ocrx_word' id='word_1_73' title='bbox 314 1077 450 1155; x_wconf 88' lang='lat' dir='ltr'>propter</span> <span class='ocrx_word' id='word_1_74' title='bbox 482 1075 625 1138; x_wconf 88' lang='lat' dir='ltr'>honum:</span> <span class='ocrx_word' id='word_1_75' title='bbox 654 1080 688 1137; x_wconf 91' lang='lat' dir='ltr'>et</span> <span class='ocrx_word' id='word_1_76' title='bbox 712 1091 786 1137; x_wconf 91' lang='lat' dir='ltr'>eum</span> <span class='ocrx_word' id='word_1_77' title='bbox 810 1071 853 1136; x_wconf 89' lang='lat' dir='ltr'>sit</span> <span class='ocrx_word' id='word_1_78' title='bbox 876 1073 1001 1136; x_wconf 86' lang='lat' dir='ltr'>bonum</span> <span class='ocrx_word' id='word_1_79' title='bbox 1029 1077 1219 1156; x_wconf 90' lang='lat' dir='ltr'>speratum,</span> 
     </span>
     <span class='ocr_line' id='line_1_12' title="bbox 194 1161 1222 1246; baseline 0.002 -22"><span class='ocrx_word' id='word_1_80' title='bbox 194 1166 305 1227; x_wconf 84' lang='lat' dir='ltr'>causat</span> <span class='ocrx_word' id='word_1_81' title='bbox 328 1163 509 1242; x_wconf 87' lang='lat' dir='ltr'>tristitiam,</span> <span class='ocrx_word' id='word_1_82' title='bbox 541 1163 617 1246; x_wconf 88' lang='lat' dir='ltr'>quia</span> <span class='ocrx_word' id='word_1_83' title='bbox 647 1182 736 1245; x_wconf 90' lang='lat' dir='ltr'>spes,</span> <span class='ocrx_word' id='word_1_84' title='bbox 760 1180 834 1245; x_wconf 84' lang='lat' dir='ltr'>quae</span> <span class='ocrx_word' id='word_1_85' title='bbox 864 1161 1033 1241; x_wconf 82' lang='lat' dir='ltr'>differtur,</span> <span class='ocrx_word' id='word_1_86' title='bbox 1058 1169 1222 1245; x_wconf 81' lang='lat' dir='ltr'>aggravat</span> 
     </span>
     <span class='ocr_line' id='line_1_13' title="bbox 194 1252 1222 1334; baseline 0.002 -20"><span class='ocrx_word' id='word_1_87' title='bbox 194 1252 361 1332; x_wconf 83' lang='lat' dir='ltr'>enimuru3</span> <span class='ocrx_word' id='word_1_88' title='bbox 383 1254 441 1317; x_wconf 90' lang='lat' dir='ltr'>sed</span> <span class='ocrx_word' id='word_1_89' title='bbox 459 1253 562 1334; x_wconf 80' lang='lat' dir='ltr'>magis</span> <span class='ocrx_word' id='word_1_90' title='bbox 578 1253 737 1317; x_wconf 81' lang='lat' dir='ltr'>convenit</span> <span class='ocrx_word' id='word_1_91' title='bbox 752 1270 829 1315; x_wconf 88' lang='lat' dir='ltr'>eum</span> <span class='ocrx_word' id='word_1_92' title='bbox 846 1252 1117 1334; x_wconf 81' lang='lat' dir='ltr'>magnanimitate</span> <span class='ocrx_word' id='word_1_93' title='bbox 1142 1253 1222 1316; x_wconf 88' lang='lat' dir='ltr'>ton-</span> 
     </span>
     <span class='ocr_line' id='line_1_14' title="bbox 194 1341 1220 1426; baseline 0.003 -22"><span class='ocrx_word' id='word_1_94' title='bbox 194 1341 377 1424; x_wconf 82' lang='lat' dir='ltr'>ganimitas,</span> <span class='ocrx_word' id='word_1_95' title='bbox 402 1342 478 1425; x_wconf 91' lang='lat' dir='ltr'>quia</span> <span class='ocrx_word' id='word_1_96' title='bbox 502 1344 590 1424; x_wconf 92' lang='lat' dir='ltr'>quod</span> <span class='ocrx_word' id='word_1_97' title='bbox 613 1345 711 1426; x_wconf 80' lang='lat' dir='ltr'>longe</span> <span class='ocrx_word' id='word_1_98' title='bbox 735 1341 844 1419; x_wconf 89' lang='lat' dir='ltr'>distat,</span> <span class='ocrx_word' id='word_1_99' title='bbox 870 1347 919 1406; x_wconf 87' lang='lat' dir='ltr'>est</span> <span class='ocrx_word' id='word_1_100' title='bbox 944 1359 1102 1424; x_wconf 85' lang='lat' dir='ltr'>magnum</span> <span class='ocrx_word' id='word_1_101' title='bbox 1121 1342 1220 1426; x_wconf 90' lang='lat' dir='ltr'>quid,</span> 
     </span>
     <span class='ocr_line' id='line_1_15' title="bbox 194 1431 627 1515; baseline 0 -21"><span class='ocrx_word' id='word_1_102' title='bbox 194 1449 261 1498; x_wconf 94' lang='lat' dir='ltr'>non</span> <span class='ocrx_word' id='word_1_103' title='bbox 287 1431 434 1496; x_wconf 84' lang='lat' dir='ltr'>siceum</span> <span class='ocrx_word' id='word_1_104' title='bbox 459 1431 627 1515; x_wconf 89' lang='lat' dir='ltr'>patientia.</span> 
     </span>
    </p>
   </div>
   <div class='ocr_carea' id='block_1_3' title="bbox 506 1607 879 1694">
    <p class='ocr_par' dir='ltr' id='par_1_4' title="bbox 506 1607 879 1694">
     <span class='ocr_line' id='line_1_16' title="bbox 506 1607 879 1694; baseline -0.005 -19"><span class='ocrx_word' id='word_1_105' title='bbox 506 1608 686 1694; x_wconf 82' lang='lat' dir='ltr'>oonsno</span> <span class='ocrx_word' id='word_1_106' title='bbox 709 1607 879 1677; x_wconf 84' lang='lat' dir='ltr'>cxxxvn.</span> 
     </span>
    </p>
   </div>
   <div class='ocr_carea' id='block_1_4' title="bbox 385 1791 990 1872">
    <p class='ocr_par' dir='ltr' id='par_1_5' title="bbox 385 1791 990 1872">
     <span class='ocr_line' id='line_1_17' title="bbox 385 1791 990 1872; baseline -0.002 -15"><span class='ocrx_word' id='word_1_107' title='bbox 385 1794 476 1857; x_wconf 77' lang='lat' dir='ltr'>De</span> <span class='ocrx_word' id='word_1_108' title='bbox 503 1791 990 1872; x_wconf 77' lang='lat' dir='ltr'>perseverantia.</span> 
     </span>
    </p>
   </div>
   <div class='ocr_carea' id='block_1_5' title="bbox 171 1967 1220 2054">
    <p class='ocr_par' dir='ltr' id='par_1_6' title="bbox 171 1967 1220 2054">
     <span class='ocr_line' id='line_1_18' title="bbox 171 1967 1220 2054; baseline -0.004 -20"><span class='ocrx_word' id='word_1_109' title='bbox 171 1967 238 2034; x_wconf 84' lang='lat' dir='ltr'>Art.</span> <span class='ocrx_word' id='word_1_110' title='bbox 263 1968 293 2036; x_wconf 80' lang='lat' dir='ltr'>t.</span> <span class='ocrx_word' id='word_1_111' title='bbox 316 1967 366 2034; x_wconf 81' lang='lat' dir='ltr'>Ao</span> <span class='ocrx_word' id='word_1_112' title='bbox 384 1973 611 2054; x_wconf 81' lang='lat' dir='ltr'>perseverantia</span> <span class='ocrx_word' id='word_1_113' title='bbox 633 1973 677 2035; x_wconf 82' lang='lat' dir='ltr'>stt</span> <span class='ocrx_word' id='word_1_114' title='bbox 696 1973 807 2037; x_wconf 81' lang='lat' dir='ltr'>virtus.</span> <span class='ocrx_word' id='word_1_115' title='bbox 840 1971 875 2054; x_wconf 68' lang='lat' dir='ltr'>ri.</span> <span class='ocrx_word' id='word_1_116' title='bbox 905 1967 973 2046; x_wconf 81' lang='lat' dir='ltr'>Sic,</span> <span class='ocrx_word' id='word_1_117' title='bbox 1010 1971 1043 2032; x_wconf 88' lang='lat' dir='ltr'>et</span> <span class='ocrx_word' id='word_1_118' title='bbox 1076 1967 1220 2032; x_wconf 91' lang='lat' dir='ltr'>sustinet</span> 
     </span>
    </p>
   </div>
   <div class='ocr_carea' id='block_1_6' title="bbox 168 2058 1218 3758">
    <p class='ocr_par' dir='ltr' id='par_1_7' title="bbox 192 2058 1218 2214">
     <span class='ocr_line' id='line_1_19' title="bbox 192 2058 1218 2142; baseline -0.002 -19"><span class='ocrx_word' id='word_1_119' title='bbox 192 2058 445 2125; x_wconf 69' lang='lat' dir='ltr'>diuturnitatem</span> <span class='ocrx_word' id='word_1_120' title='bbox 470 2062 503 2126; x_wconf 95' lang='lat' dir='ltr'>in</span> <span class='ocrx_word' id='word_1_121' title='bbox 529 2061 683 2142; x_wconf 89' lang='lat' dir='ltr'>operibus</span> <span class='ocrx_word' id='word_1_122' title='bbox 707 2060 863 2125; x_wconf 86' lang='lat' dir='ltr'>virtuosis</span> <span class='ocrx_word' id='word_1_123' title='bbox 887 2063 986 2142; x_wconf 88' lang='lat' dir='ltr'>prout</span> <span class='ocrx_word' id='word_1_124' title='bbox 1009 2077 1138 2122; x_wconf 87' lang='lat' dir='ltr'>neeesse</span> <span class='ocrx_word' id='word_1_125' title='bbox 1155 2064 1218 2135; x_wconf 88' lang='lat' dir='ltr'>est,</span> 
     </span>
     <span class='ocr_line' id='line_1_20' title="bbox 192 2149 444 2214; baseline 0.012 -3"><span class='ocrx_word' id='word_1_126' title='bbox 192 2152 225 2211; x_wconf 89' lang='lat' dir='ltr'>et</span> <span class='ocrx_word' id='word_1_127' title='bbox 249 2149 444 2214; x_wconf 83' lang='lat' dir='ltr'>difficilibus.</span> 
     </span>
    </p>

    <p class='ocr_par' dir='ltr' id='par_1_8' title="bbox 190 2235 1218 2771">
     <span class='ocr_line' id='line_1_21' title="bbox 191 2235 1218 2322; baseline -0.001 -21"><span class='ocrx_word' id='word_1_128' title='bbox 191 2235 206 2264; x_wconf 85' lang='lat'><strong>*</strong></span> <span class='ocrx_word' id='word_1_129' title='bbox 229 2237 404 2302; x_wconf 88' lang='lat' dir='ltr'>Persistere</span> <span class='ocrx_word' id='word_1_130' title='bbox 434 2241 469 2304; x_wconf 93' lang='lat' dir='ltr'>in</span> <span class='ocrx_word' id='word_1_131' title='bbox 500 2241 602 2317; x_wconf 88' lang='lat' dir='ltr'>bono,</span> <span class='ocrx_word' id='word_1_132' title='bbox 633 2241 722 2322; x_wconf 91' lang='lat' dir='ltr'>quod</span> <span class='ocrx_word' id='word_1_133' title='bbox 754 2238 851 2304; x_wconf 81' lang='lat' dir='ltr'>alieni</span> <span class='ocrx_word' id='word_1_134' title='bbox 879 2238 921 2301; x_wconf 90' lang='lat' dir='ltr'>sit</span> <span class='ocrx_word' id='word_1_135' title='bbox 946 2239 1056 2302; x_wconf 92' lang='lat' dir='ltr'>minus</span> <span class='ocrx_word' id='word_1_136' title='bbox 1080 2236 1218 2301; x_wconf 81' lang='lat' dir='ltr'>difficile</span> 
     </span>
     <span class='ocr_line' id='line_1_22' title="bbox 192 2326 1217 2412; baseline -0.003 -20"><span class='ocrx_word' id='word_1_137' title='bbox 192 2331 389 2409; x_wconf 87' lang='lat' dir='ltr'>potestesse</span> <span class='ocrx_word' id='word_1_138' title='bbox 412 2347 452 2394; x_wconf 86' lang='lat' dir='ltr'>ex</span> <span class='ocrx_word' id='word_1_139' title='bbox 477 2330 620 2412; x_wconf 85' lang='lat' dir='ltr'>perfecta</span> <span class='ocrx_word' id='word_1_140' title='bbox 644 2328 778 2406; x_wconf 87' lang='lat' dir='ltr'>virtute,</span> <span class='ocrx_word' id='word_1_141' title='bbox 804 2348 877 2412; x_wconf 91' lang='lat' dir='ltr'>quae</span> <span class='ocrx_word' id='word_1_142' title='bbox 901 2329 1085 2392; x_wconf 88' lang='lat' dir='ltr'>attenditur</span> <span class='ocrx_word' id='word_1_143' title='bbox 1109 2326 1217 2410; x_wconf 79' lang='lat' dir='ltr'>magis</span> 
     </span>
     <span class='ocr_line' id='line_1_23' title="bbox 190 2417 1218 2502; baseline -0.002 -22"><span class='ocrx_word' id='word_1_144' title='bbox 190 2420 373 2483; x_wconf 86' lang='lat' dir='ltr'>seeundum</span> <span class='ocrx_word' id='word_1_145' title='bbox 398 2419 560 2484; x_wconf 86' lang='lat' dir='ltr'>rationem</span> <span class='ocrx_word' id='word_1_146' title='bbox 585 2419 673 2496; x_wconf 92' lang='lat' dir='ltr'>boni,</span> <span class='ocrx_word' id='word_1_147' title='bbox 698 2438 799 2502; x_wconf 87' lang='lat' dir='ltr'>quarn</span> <span class='ocrx_word' id='word_1_148' title='bbox 822 2418 975 2483; x_wconf 89' lang='lat' dir='ltr'>dittioitis.</span> <span class='ocrx_word' id='word_1_149' title='bbox 992 2417 1073 2480; x_wconf 85' lang='lat' dir='ltr'>item</span> <span class='ocrx_word' id='word_1_150' title='bbox 1088 2421 1218 2498; x_wconf 82' lang='lat' dir='ltr'>spectat</span> 
     </span>
     <span class='ocr_line' id='line_1_24' title="bbox 191 2507 1216 2592; baseline -0.001 -21"><span class='ocrx_word' id='word_1_151' title='bbox 191 2507 234 2571; x_wconf 87' lang='lat' dir='ltr'>ad</span> <span class='ocrx_word' id='word_1_152' title='bbox 258 2509 553 2590; x_wconf 88' lang='lat' dir='ltr'>perseverantiam,</span> <span class='ocrx_word' id='word_1_153' title='bbox 579 2508 668 2590; x_wconf 87' lang='lat' dir='ltr'>quod</span> <span class='ocrx_word' id='word_1_154' title='bbox 691 2508 809 2592; x_wconf 90' lang='lat' dir='ltr'>aliquis</span> <span class='ocrx_word' id='word_1_155' title='bbox 834 2511 1022 2590; x_wconf 88' lang='lat' dir='ltr'>perseveret</span> <span class='ocrx_word' id='word_1_156' title='bbox 1045 2524 1147 2590; x_wconf 90' lang='lat' dir='ltr'>usque</span> <span class='ocrx_word' id='word_1_157' title='bbox 1172 2507 1216 2570; x_wconf 88' lang='lat' dir='ltr'>ad</span> 
     </span>
     <span class='ocr_line' id='line_1_25' title="bbox 191 2596 1217 2681; baseline 0 -21"><span class='ocrx_word' id='word_1_158' title='bbox 191 2596 293 2661; x_wconf 87' lang='lat' dir='ltr'>tinem</span> <span class='ocrx_word' id='word_1_159' title='bbox 329 2602 420 2663; x_wconf 87' lang='lat' dir='ltr'>aetus</span> <span class='ocrx_word' id='word_1_160' title='bbox 449 2596 605 2675; x_wconf 76' lang='lat' dir='ltr'>virtuosi,</span> <span class='ocrx_word' id='word_1_161' title='bbox 635 2601 668 2661; x_wconf 86' lang='lat' dir='ltr'>et</span> <span class='ocrx_word' id='word_1_162' title='bbox 699 2619 766 2663; x_wconf 93' lang='lat' dir='ltr'>non</span> <span class='ocrx_word' id='word_1_163' title='bbox 796 2617 901 2681; x_wconf 90' lang='lat' dir='ltr'>usque</span> <span class='ocrx_word' id='word_1_164' title='bbox 931 2597 972 2661; x_wconf 88' lang='lat' dir='ltr'>ad</span> <span class='ocrx_word' id='word_1_165' title='bbox 997 2599 1099 2661; x_wconf 86' lang='lat' dir='ltr'>tinem</span> <span class='ocrx_word' id='word_1_166' title='bbox 1123 2599 1217 2660; x_wconf 89' lang='lat' dir='ltr'>aetus</span> 
     </span>
     <span class='ocr_line' id='line_1_26' title="bbox 191 2685 936 2771; baseline 0.001 -23"><span class='ocrx_word' id='word_1_167' title='bbox 191 2685 278 2764; x_wconf 86' lang='lat' dir='ltr'>vitae,</span> <span class='ocrx_word' id='word_1_168' title='bbox 305 2687 368 2752; x_wconf 91' lang='lat' dir='ltr'>nisi</span> <span class='ocrx_word' id='word_1_169' title='bbox 392 2689 500 2771; x_wconf 91' lang='lat' dir='ltr'>quoad</span> <span class='ocrx_word' id='word_1_170' title='bbox 524 2691 635 2751; x_wconf 86' lang='lat' dir='ltr'>aetum</span> <span class='ocrx_word' id='word_1_171' title='bbox 659 2691 936 2754; x_wconf 85' lang='lat' dir='ltr'>consummatum.</span> 
     </span>
    </p>

    <p class='ocr_par' dir='ltr' id='par_1_9' title="bbox 169 2772 1218 3308">
     <span class='ocr_line' id='line_1_27' title="bbox 169 2772 1218 2863; baseline -0.003 -22"><span class='ocrx_word' id='word_1_172' title='bbox 169 2772 238 2843; x_wconf 80' lang='lat' dir='ltr'>Art.</span> <span class='ocrx_word' id='word_1_173' title='bbox 261 2775 292 2842; x_wconf 71' lang='lat'>2.</span> <span class='ocrx_word' id='word_1_174' title='bbox 316 2773 365 2842; x_wconf 81' lang='lat' dir='ltr'>do</span> <span class='ocrx_word' id='word_1_175' title='bbox 386 2780 614 2860; x_wconf 82' lang='lat' dir='ltr'>perseverantia</span> <span class='ocrx_word' id='word_1_176' title='bbox 637 2780 682 2842; x_wconf 78' lang='lat' dir='ltr'>stt</span> <span class='ocrx_word' id='word_1_177' title='bbox 699 2798 773 2862; x_wconf 83' lang='lat' dir='ltr'>pars</span> <span class='ocrx_word' id='word_1_178' title='bbox 796 2777 999 2863; x_wconf 75' lang='lat' dir='ltr'>fortitudinis.</span> <span class='ocrx_word' id='word_1_179' title='bbox 1031 2777 1066 2858; x_wconf 67' lang='lat' dir='ltr'>lt.</span> <span class='ocrx_word' id='word_1_180' title='bbox 1090 2773 1218 2840; x_wconf 82' lang='lat' dir='ltr'>Adiun-</span> 
     </span>
     <span class='ocr_line' id='line_1_28' title="bbox 191 2863 1217 2949; baseline 0.001 -21"><span class='ocrx_word' id='word_1_181' title='bbox 191 2865 280 2948; x_wconf 77' lang='lat' dir='ltr'>gitur</span> <span class='ocrx_word' id='word_1_182' title='bbox 304 2867 501 2946; x_wconf 85' lang='lat' dir='ltr'>tortitudini,</span> <span class='ocrx_word' id='word_1_183' title='bbox 527 2872 565 2931; x_wconf 85' lang='lat' dir='ltr'>ut</span> <span class='ocrx_word' id='word_1_184' title='bbox 588 2867 695 2932; x_wconf 84' lang='lat' dir='ltr'>virtus</span> <span class='ocrx_word' id='word_1_185' title='bbox 718 2866 913 2934; x_wconf 82' lang='lat' dir='ltr'>secundaria</span> <span class='ocrx_word' id='word_1_186' title='bbox 933 2863 1119 2949; x_wconf 85' lang='lat' dir='ltr'>principati,</span> <span class='ocrx_word' id='word_1_187' title='bbox 1136 2865 1217 2948; x_wconf 88' lang='lat' dir='ltr'>quia</span> 
     </span>
     <span class='ocr_line' id='line_1_29' title="bbox 190 2955 1218 3042; baseline -0.003 -23"><span class='ocrx_word' id='word_1_188' title='bbox 190 2955 350 3021; x_wconf 84' lang='lat' dir='ltr'>fortitudo</span> <span class='ocrx_word' id='word_1_189' title='bbox 380 2977 456 3022; x_wconf 89' lang='lat' dir='ltr'>eum</span> <span class='ocrx_word' id='word_1_190' title='bbox 487 2959 598 3022; x_wconf 86' lang='lat' dir='ltr'>firmet</span> <span class='ocrx_word' id='word_1_191' title='bbox 628 2957 663 3023; x_wconf 95' lang='lat' dir='ltr'>in</span> <span class='ocrx_word' id='word_1_192' title='bbox 688 2957 754 3038; x_wconf 87' lang='lat' dir='ltr'>his,</span> <span class='ocrx_word' id='word_1_193' title='bbox 784 2958 820 3023; x_wconf 94' lang='lat' dir='ltr'>in</span> <span class='ocrx_word' id='word_1_194' title='bbox 848 2956 968 3042; x_wconf 83' lang='lat' dir='ltr'>quihus</span> <span class='ocrx_word' id='word_1_195' title='bbox 990 2961 1039 3020; x_wconf 88' lang='lat' dir='ltr'>est</span> <span class='ocrx_word' id='word_1_196' title='bbox 1062 2955 1218 3020; x_wconf 86' lang='lat' dir='ltr'>disdeitti-</span> 
     </span>
     <span class='ocr_line' id='line_1_30' title="bbox 191 3043 1217 3131; baseline -0.001 -21"><span class='ocrx_word' id='word_1_197' title='bbox 191 3064 283 3110; x_wconf 92' lang='lat' dir='ltr'>mum</span> <span class='ocrx_word' id='word_1_198' title='bbox 306 3046 447 3112; x_wconf 87' lang='lat' dir='ltr'>firmiter</span> <span class='ocrx_word' id='word_1_199' title='bbox 472 3048 655 3130; x_wconf 84' lang='lat' dir='ltr'>persistere,</span> <span class='ocrx_word' id='word_1_200' title='bbox 680 3053 729 3113; x_wconf 88' lang='lat' dir='ltr'>est</span> <span class='ocrx_word' id='word_1_201' title='bbox 745 3046 936 3131; x_wconf 80' lang='lat' dir='ltr'>principalis</span> <span class='ocrx_word' id='word_1_202' title='bbox 953 3046 1070 3127; x_wconf 75' lang='lat' dir='ltr'>virtuS,</span> <span class='ocrx_word' id='word_1_203' title='bbox 1087 3050 1120 3108; x_wconf 85' lang='lat' dir='ltr'>et</span> <span class='ocrx_word' id='word_1_204' title='bbox 1138 3043 1217 3109; x_wconf 90' lang='lat' dir='ltr'>huie</span> 
     </span>
     <span class='ocr_line' id='line_1_31' title="bbox 191 3134 1217 3221; baseline -0.004 -21"><span class='ocrx_word' id='word_1_205' title='bbox 191 3135 380 3201; x_wconf 85' lang='lat' dir='ltr'>annectitur</span> <span class='ocrx_word' id='word_1_206' title='bbox 404 3138 511 3204; x_wconf 90' lang='lat' dir='ltr'>omnis</span> <span class='ocrx_word' id='word_1_207' title='bbox 534 3139 640 3202; x_wconf 88' lang='lat' dir='ltr'>virtus</span> <span class='ocrx_word' id='word_1_208' title='bbox 662 3140 828 3204; x_wconf 90' lang='lat' dir='ltr'>sustinens</span> <span class='ocrx_word' id='word_1_209' title='bbox 852 3136 977 3221; x_wconf 89' lang='lat' dir='ltr'>aliquid</span> <span class='ocrx_word' id='word_1_210' title='bbox 1008 3134 1151 3212; x_wconf 83' lang='lat' dir='ltr'>difficile,</span> <span class='ocrx_word' id='word_1_211' title='bbox 1179 3139 1217 3198; x_wconf 90' lang='lat' dir='ltr'>ut</span> 
     </span>
     <span class='ocr_line' id='line_1_32' title="bbox 191 3225 613 3308; baseline 0.005 -21"><span class='ocrx_word' id='word_1_212' title='bbox 191 3225 226 3288; x_wconf 94' lang='lat' dir='ltr'>in</span> <span class='ocrx_word' id='word_1_213' title='bbox 251 3225 471 3292; x_wconf 90' lang='lat' dir='ltr'>diuturnitate</span> <span class='ocrx_word' id='word_1_214' title='bbox 495 3228 613 3308; x_wconf 90' lang='lat' dir='ltr'>operis.</span> 
     </span>
    </p>

    <p class='ocr_par' dir='ltr' id='par_1_10' title="bbox 168 3311 1216 3758">
     <span class='ocr_line' id='line_1_33' title="bbox 168 3311 1216 3400; baseline -0.003 -20"><span class='ocrx_word' id='word_1_215' title='bbox 168 3311 236 3381; x_wconf 82' lang='lat' dir='ltr'>Art.</span> <span class='ocrx_word' id='word_1_216' title='bbox 261 3314 291 3382; x_wconf 88' lang='lat'>3.</span> <span class='ocrx_word' id='word_1_217' title='bbox 315 3313 364 3381; x_wconf 82' lang='lat' dir='ltr'>do</span> <span class='ocrx_word' id='word_1_218' title='bbox 387 3320 559 3382; x_wconf 81' lang='lat' dir='ltr'>constantia</span> <span class='ocrx_word' id='word_1_219' title='bbox 579 3317 737 3399; x_wconf 80' lang='lat' dir='ltr'>pertineat</span> <span class='ocrx_word' id='word_1_220' title='bbox 757 3315 795 3381; x_wconf 84' lang='lat' dir='ltr'>od</span> <span class='ocrx_word' id='word_1_221' title='bbox 814 3317 1079 3400; x_wconf 81' lang='lat' dir='ltr'>perseverantiam.</span> <span class='ocrx_word' id='word_1_222' title='bbox 1098 3315 1134 3397; x_wconf 69' lang='lat' dir='ltr'>d.</span> <span class='ocrx_word' id='word_1_223' title='bbox 1150 3311 1216 3392; x_wconf 90' lang='lat' dir='ltr'>Sie,</span> 
     </span>
     <span class='ocr_line' id='line_1_34' title="bbox 190 3403 1216 3490; baseline -0.002 -22"><span class='ocrx_word' id='word_1_224' title='bbox 190 3405 268 3488; x_wconf 92' lang='lat' dir='ltr'>quia</span> <span class='ocrx_word' id='word_1_225' title='bbox 291 3409 497 3472; x_wconf 87' lang='lat' dir='ltr'>conveniunt</span> <span class='ocrx_word' id='word_1_226' title='bbox 521 3408 556 3472; x_wconf 94' lang='lat' dir='ltr'>in</span> <span class='ocrx_word' id='word_1_227' title='bbox 580 3407 657 3482; x_wconf 87' lang='lat' dir='ltr'>tine,</span> <span class='ocrx_word' id='word_1_228' title='bbox 681 3408 739 3471; x_wconf 90' lang='lat' dir='ltr'>sed</span> <span class='ocrx_word' id='word_1_229' title='bbox 763 3406 933 3484; x_wconf 84' lang='lat' dir='ltr'>differunt,</span> <span class='ocrx_word' id='word_1_230' title='bbox 951 3406 1027 3490; x_wconf 91' lang='lat' dir='ltr'>quia</span> <span class='ocrx_word' id='word_1_231' title='bbox 1046 3407 1116 3469; x_wconf 85' lang='lat' dir='ltr'>haee</span> <span class='ocrx_word' id='word_1_232' title='bbox 1136 3403 1216 3468; x_wconf 84' lang='lat' dir='ltr'>feeit</span> 
     </span>
     <span class='ocr_line' id='line_1_35' title="bbox 191 3493 1215 3576; baseline 0.001 -18"><span class='ocrx_word' id='word_1_233' title='bbox 191 3495 364 3576; x_wconf 88' lang='lat' dir='ltr'>persistere</span> <span class='ocrx_word' id='word_1_234' title='bbox 387 3497 422 3562; x_wconf 90' lang='lat' dir='ltr'>in</span> <span class='ocrx_word' id='word_1_235' title='bbox 448 3499 534 3562; x_wconf 92' lang='lat' dir='ltr'>bono</span> <span class='ocrx_word' id='word_1_236' title='bbox 558 3499 674 3559; x_wconf 89' lang='lat' dir='ltr'>eontra</span> <span class='ocrx_word' id='word_1_237' title='bbox 697 3494 925 3560; x_wconf 79' lang='lat' dir='ltr'>difficultatem</span> <span class='ocrx_word' id='word_1_238' title='bbox 951 3500 1065 3561; x_wconf 92' lang='lat' dir='ltr'>natam</span> <span class='ocrx_word' id='word_1_239' title='bbox 1080 3514 1121 3558; x_wconf 87' lang='lat' dir='ltr'>ex</span> <span class='ocrx_word' id='word_1_240' title='bbox 1138 3493 1215 3559; x_wconf 91' lang='lat' dir='ltr'>diu·</span> 
     </span>
     <span class='ocr_line' id='line_1_36' title="bbox 192 3585 1213 3666; baseline 0.004 -20"><span class='ocrx_word' id='word_1_241' title='bbox 192 3586 352 3649; x_wconf 84' lang='lat' dir='ltr'>turnitate</span> <span class='ocrx_word' id='word_1_242' title='bbox 374 3591 476 3663; x_wconf 87' lang='lat' dir='ltr'>aetus,</span> <span class='ocrx_word' id='word_1_243' title='bbox 500 3585 554 3648; x_wconf 84' lang='lat' dir='ltr'>illa</span> <span class='ocrx_word' id='word_1_244' title='bbox 574 3589 689 3649; x_wconf 89' lang='lat' dir='ltr'>eontra</span> <span class='ocrx_word' id='word_1_245' title='bbox 705 3585 934 3650; x_wconf 82' lang='lat' dir='ltr'>difficultatem</span> <span class='ocrx_word' id='word_1_246' title='bbox 952 3589 1063 3651; x_wconf 92' lang='lat' dir='ltr'>natam</span> <span class='ocrx_word' id='word_1_247' title='bbox 1079 3604 1121 3650; x_wconf 84' lang='lat' dir='ltr'>ex</span> <span class='ocrx_word' id='word_1_248' title='bbox 1137 3585 1213 3666; x_wconf 87' lang='lat' dir='ltr'>qui·</span> 
     </span>
     <span class='ocr_line' id='line_1_37' title="bbox 192 3673 1008 3758; baseline 0.002 -20"><span class='ocrx_word' id='word_1_249' title='bbox 192 3675 395 3758; x_wconf 86' lang='lat' dir='ltr'>buseumque</span> <span class='ocrx_word' id='word_1_250' title='bbox 418 3675 488 3739; x_wconf 89' lang='lat' dir='ltr'>aliis</span> <span class='ocrx_word' id='word_1_251' title='bbox 510 3673 729 3740; x_wconf 83' lang='lat' dir='ltr'>exterioribus</span> <span class='ocrx_word' id='word_1_252' title='bbox 752 3675 1008 3757; x_wconf 88' lang='lat' dir='ltr'>impedimentis.</span> 
     </span>
    </p>
   </div>
   <div class='ocr_carea' id='block_1_7' title="bbox 0 0 1316 4210">
    <p class='ocr_par' dir='ltr' id='par_1_11' title="bbox 0 0 1316 4210">
     <span class='ocr_line' id='line_1_38' title="bbox 0 0 1316 4210; baseline 0 2"><span class='ocrx_word' id='word_1_253' title='bbox 0 0 1316 4210; x_wconf 95' lang='lat' dir='ltr'> </span> 
     </span>
    </p>
   </div>
  </div>
 </body>
</html>
