2636 4202
189 147 193 152 ,
247 95 293 167 30
604 117 787 172 exustus
810 117 930 172 naara:

227 275 452 360 processiones
482 269 525 341 ab
555 273 671 356 intra,·
689 278 722 340 et
751 275 787 345 in
818 274 964 362 qualibet
990 274 1058 344 duo
1080 277 1269 361 opposita:
1309 311 1310 362 1

227 384 315 520 nan?J
329 385 371 432 ex
393 363 585 449 operatione
606 365 650 431 ad
673 364 767 431 extra
790 385 858 433 non
880 366 990 451 surgit
1012 366 1127 433 relatio
1152 369 1269 436 realis

228 475 262 521 rn
316 475 365 522 eo.
464 491 476 512 ·

225 544 237 570 *
264 543 300 611 ln
324 545 392 611 lico
415 541 613 625 intellectus,
637 545 670 611 et
693 544 914 627 intellectum,
938 547 1106 627 voluntas,
1130 549 1165 614 et
1194 568 1268 616 vo·

226 635 338 718 litum,
371 637 450 703 sunt
477 653 598 714 unum,
631 639 664 700 et
694 635 799 717 idem,
818 639 856 716 et
879 636 966 704 inter
989 639 1059 705 heo
1082 657 1155 711 uon*
1176 658 1269 722 pos·
1310 624 1311 650 ¹

225 729 307 792 sunt
329 745 397 795 esse
418 723 594 791 relationes
617 724 730 805 reales,
754 727 790 792 in
815 727 910 794 nobis
924 713 982 793 sio.
999 725 1079 793 ltern
1096 726 1131 812 in
1150 727 1266 795 nobis

225 820 317 882 actus
348 815 538 882 ‘intellectus
572 813 837 900 multiplicantur
871 815 906 883 in
941 815 1112 882 inlinitum
1146 815 1263 884 etiam

221 905 396 972 relationes
428 899 620 971 intellectae:
650 901 689 971 in'
716 903 783 972 lieo
814 921 901 987 non,
933 904 1010 992 quia
1044 906 1143 974 unico
1169 911 1263 974 actu

222 995 335 1064 omnia
358 991 521 1080 intelligit.

518 1149 536 1285 J
565 1156 744 1296 pomario
766 1131 873 1248 axrx.

340 1369 344 1378 ’
372 1357 470 1474 De
493 1349 795 1476 Personls
820 1356 1062 1448 divinis.
1145 1453 1160 1466 ,Ι

204 1540 278 1612 Art¹
297 1535 327 1606 l.
350 1535 398 1604 De
420 1535 598 1630 delinitione
617 1552 764 1622 persono.
788 1534 823 1624 ri.
847 1535 990 1622 Persona
1010 1537 1059 1606 est
1075 1534 1258 1608 rationalis

226 1635 355 1698 naturae
389 1625 563 1700 individua
597 1623 795 1696 substantia:
831 1644 909 1701 nan]
932 1625 1016 1697 'licet
1045 1621 1259 1714 particulare

192 1739 194 1750 ·
220 1717 386 1805 reperitur
408 1716 454 1783 iu'
468 1716 615 1805 quolibet
637 1734 775 1806 genere,
805 1719 916 1792 tamen
947 1714 1161 1808 individuum
1191 1735 1257 1784 re·

221 1810 351 1896 peritur
372 1805 544 1892 specialius
567 1808 602 1875 in
627 1825 748 1896 genere
777 1805 986 1887 substantia,
1014 1807 1061 1876 sic
1089 1808 1255 1892 hyposta-

218 1899 387 2059 illasii?
394 1898 740 2074 allodialia
751 1897 983 2055 llllllll
1003 1895 1254 2074 ξξέοῑὶἳὲῗξῗέ

219 2077 395 2166 perfectius
416 2078 478 2143 ‘est
503 2077 537 2144 in
561 2077 749 2174 substantia
773 2077 942 2167 rationali,
966 2080 999 2144 et
1021 2075 1143 2146 dicitur
1165 2096 1252 2162 per·

218 2189 308 2236 sona.
461 2180 464 2189 '
693 2225 696 2233 .
817 2179 819 2189 ’

219 2259 231 2284 “
255 2257 371 2324 Anima
394 2259 542 2341 separata
567 2275 635 2326 non
659 2258 767 2341 potest
788 2257 854 2324 dici
877 2257 1069 2344 hypostasis,
1085 2275 1141 2324 seu
1164 2259 1249 2326 sub·

218 2347 339 2416 stantia
363 2346 548 2427 individua,
572 2347 648 2431 quia
672 2349 720 2412 est
744 2368 819 2434 pars
841 2341 983 2434 speciei‘

198 2437 266 2507 Art.
289 2438 321 2506 2.
345 2437 394 2505 Ao
416 2439 545 2524 persono
567 2439 611 2504 sit
631 2437 708 2528 idom
730 2439 809 2522 pund
829 2423 1008 2524 hypostasis,
1032 2435 1248 2522 subsistentia,

219 2537 251 2596 ct
272 2531 411 2598 caecatio.
436 2529 471 2612 ri.
495 2525 557 2608 Sic,
582 2525 617 2593 in
642 2527 804 2608 rationali,
824 2530 891 2595 ‘sed
913 2527 1113 2614 quandoque
1136 2528 1246 2632 hypo·

216 2619 309 2775 {tasio
337 2617 458 2685 dicitur
486 2616 642 2700 essentia,
671 2618 729 2684 sed
763 2617 857 2688 addit
883 2617 1085 2716 piincipium
1116 2617 1248 2687 indivi-

242 2727 283 2774 ua
308 2728 333 2774 s.
554 2773 557 2782 Α

196 2795 264 2866 Art.
285 2727 319 2865 ¹ill.
344 2796 393 2866 Ao
416 2816 525 2865 rtomeo
537 2815 675 2884 persono
690 2799 734 2865 sit
743 2798 914 2884 ponendum
928 2801 965 2873 itt
980 2796 1106 2865 diplois.
1123 2797 1158 2880 ti.
1174 2795 1244 2879 Sic,

113 2921 123 2944 ι
218 2893 251 2954 et
276 2887 462 2974 perfectiori
486 2885 595 2971 ruodo,
619 2888 697 2978 quia
719 2890 907 2978 persona'sl
932 2889 1046 2962 nificat
1071 2885 1244 2972 perlectis-

216 2977 339 3046 sim'utn
362 2977 399 3046 in
423 2975 559 3064 natura,
587 2981 714 3051 ,et'non
738 2979 895 3048 convenit
949 2998 987 3045 eo
1009 2979 1172 3064 quantum
1187 2981 1245 3048 ‘ad

218 3068 252 3135 id
276 3088 294 3134 a
318 3084 386 3154 quo
409 3067 600 3156 impositum
624 3073 673 3135 est
696 3088 836 3151 nomen,
859 3070 918 3136 sed
940 3074 1102 3156 quantum
1125 3067 1168 3136 ad
1191 3065 1241 3148 id,

218 3159 260 3225 ad
284 3157 374 3243 quod
397 3155 653 3244 significandum
677 3157 877 3248 imponitur;
900 3158 985 3226 sicut
1007 3155 1239 3240 individuum,

215 3251 253 3312 nt
276 3246 358 3314 dicit
380 3247 805 3333 incommunicabilitatenr;
827 3247 1021 3330 sonantia,
1043 3251 1083 3314 nt
1097 3251 1146 3316 est
1159 3249 1241 3316 sub-

214 3338 330 3403 sistere
353 3356 486 3421 perse,
514 3337 741 3424 inscriptura
765 3355 833 3406 non
857 3343 906 3406 est
930 3357 1051 3411 nornen
1076 3355 1237 3422 persone,

213 3429 270 3494 sed
293 3427 524 3513 significatum.
1145 3458 1149 3474 ν

192 3515 260 3586 Art.
284 3515 317 3586 4.
344 3516 393 3584 Ao
420 3537 553 3602 persono
582 3521 736 3604 ripoificct
761 3521 950 3590 rotaticum
980 3520 1016 3606 ri.
1045 3517 1082 3586 ln
1112 3515 1236 3590 divinis

214 3607 276 3689 sic,
301 3625 360 3693 per
382 3608 519 3675 modum
542 3609 747 3690 substantia,
779 3612 856 3698 quia
885 3611 931 3680 ilri
955 3629 1022 3680 non
1046 3611 1095 3676 est
1116 3603 1237 3676 distin·

213 3697 287 3779 otio,
312 3697 377 3764 nisi
400 3715 460 3783 pet·
483 3697 658 3768 relationes
681 3697 831 3787 originis,
858 3719 933 3786 quaa
956 3700 1071 3767 relatio
1093 3717 1162 3766 non
1187 3703 1236 3766 est
