2608 4220
22 248 147 260 .-
448 165 524 218 mm
548 119 695 220 ruoum.
980 152 1047 224 523

50 305 301 372 personarum,
325 283 389 350 tuit
411 283 447 351 in
469 289 620 368 tempore
636 287 641 296 “
658 283 790 370 Moysis:
819 288 857 351 ut
878 293 1095 372 repraesentat

45 378 265 462 mysterium
288 373 425 453 Christi,
449 377 483 439 et
506 373 653 439 Eootesiae
690 374 754 440 fuit
776 374 811 442 in
836 395 923 453 nova
946 379 1033 463 lege3
1057 383 1092 446 et

45 467 254 532 seeundum
279 467 341 530 hoo
363 467 413 529 est
434 467 679 530 sacramentum
703 483 799 532 novae
821 465 912 549 legis.

16 555 106 624 Art.
138 555 172 623 3.
195 555 247 623 Aa
269 555 506 620 matrimonium
538 555 675 636 oomfmot
695 556 839 637 pretium.
864 557 899 639 ιι.
922 554 990 637 Sio,
1014 558 1093 643 quia

44 649 109 711 est
151 648 414 722 sacramentum,
448 647 482 708 ει
514 647 564 709 est
601 643 785 710 remedium
820 649 937 712 eontra
970 666 1093 715 eoneu·

46 735 286 820 pisoieutiam,
310 733 400 818 quod
424 753 492 800 oon
516 734 555 798 iit
575 733 648 800 siue
671 732 787 819 gratia.

22 825 123 893 Art.
150 823 182 892 t.
198 823 248 892 An
263 825 398 890 carnotis
420 825 589 890 commistio
612 825 657 890 sit
677 823 712 889 tte
735 826 914 908 integritote
935 830 1092 896 matrimo-

50 917 127 981 nii.
152 915 188 1000 ιι.
212 914 282 981 Non
318 917 367 980 est
405 914 447 979 de
469 913 610 979 essentia
633 913 846 993 matrimonii,
869 917 928 982 sed
951 917 1092 1002 requiri·

50 1010 122 1070 tur
146 1005 190 1071 ad
213 1005 462 1088 generationem
502 1000 614 1092 protis,
637 1023 698 1088 pro
733 1020 800 1088 qua
822 1003 922 1073 datur
955 1007 1092 1078 iaouttas

51 1113 127 1179 per
149 1093 414 1163 matrimonium.

423 1271 601 1361 Quasuo
624 1271 726 1342 ιιιιι.

154 1457 247 1526 De
270 1459 661 1524 matrimonio
686 1461 978 1538 quantum
1018 1527 1020 1532 ,

352 1547 428 1612 ad
459 1549 785 1632 sponsalia.

28 1728 107 1796 Art.
134 1731 168 1795 ι.
190 1726 242 1794 'rto
270 1728 425 1811 spmisotio
458 1729 524 1794 sint
556 1727 734 1811 futororum
759 1728 922 1812 promissio
964 1732 1089 1816 ooptio·

55 1837 143 1884 rum.
170 1816 279 1902 ri.Sio,
296 1822 328 1883 et
345 1822 480 1902 possunt
502 1817 575 1882 fieri
592 1817 682 1882 nuda
698 1817 927 1898 promissione,
950 1839 1025 1903 quae
1062 1819 1092 1888 si

56 1913 112 1973 est
136 1909 274 1973 honesta
291 1911 401 1973 stante
416 1907 608 1973 conditione
634 1906 766 1990 obligat,
780 1926 849 1972 uon
864 1911 983 1990 stante,
1001 1926 1089 1992 non;

59 1997 89 2062 si
117 2001 168 2062 est
190 1996 375 2075 inhonesta,
399 2002 431 2062 et
454 2000 570 2062 eontra
595 1997 681 2062 hona
705 1995 920 2077 matrimonii,
944 2017 1012 2064 non
1031 2018 1092 2066 va·

58 2087 126 2166 let;
150 2085 179 2152 si
203 2105 271 2152 noo
296 2089 344 2152 est
367 2090 483 2152 eontra
507 2083 767 2167 matrimonium,
792 2090 873 2153 tuno
896 2091 988 2155 tenet
1011 2107 1089 2172 pro-

59 2175 190 2255 missio,
210 2176 269 2241 sed
291 2176 439 2243 conditio
462 2177 560 2242 debet
584 2175 759 2242 removeri.
788 2187 789 2192 ’

60 2265 74 2290 “
98 2264 165 2351 Qui
188 2264 260 2330 sine
283 2265 429 2349 legitimo
452 2263 690 2349 impedimento
714 2284 782 2333 non
806 2269 916 2332 servat
950 2268 1089 2353 promis-

58 2375 137 2422 sum
160 2354 365 2423 matrimonii
389 2359 505 2439 pereat
542 2355 734 2434 mortaliter,
757 2355 816 2423 sed
855 2356 993 2424 Ecetesia
1018 2378 1087 2426 uon

59 2446 152 2530 cogit
176 2443 213 2511 in
235 2445 307 2513 toro
329 2443 497 2523 exteriori,
521 2444 599 2530 quia
614 2444 721 2510 soient
744 2447 866 2511 habere
895 2447 998 2514 matos
1021 2448 1115 2514 eui·x

60 2539 128 2600 tus.
154 2534 247 2612 item,
269 2535 296 2601 si
319 2553 395 2600 eum
418 2533 635 2618 promissione
669 2539 851 2618 poneretur
873 2555 991 2619 poena,
1016 2558 1086 2605 nou

60 2625 169 2702 vaiet,
205 2644 268 2691 neo
300 2623 479 2709 exigenda,
503 2623 581 2709 quia
615 2624 821 2692 matrimonia
856 2624 982 2693 debent
1020 2647 1089 2694 esse

59 2715 177 2780 libera.

38 2804 110 2873 Art.
133 2803 167 2872 2.
192 2803 243 2870 rin
278 2811 391 2888 tempos
417 2805 569 2888 septennii
590 2807 636 2871 sit
654 2806 868 2873 eonomtientm
900 2809 1090 2891 assignatum

60 2893 253 2978 sponsotitns
276 2894 500 2964 oontrntoodis.
519 2897 555 2980 ri.
579 2893 642 2974 Sic,
666 2894 743 2979 quia
766 2896 891 2962 habent
914 2915 1010 2964 usum
1034 2918 1088 2967 ra·

62 2983 174 3063 tionis,
198 2982 289 3063 item,
312 2985 340 3052 si
363 2984 437 3070 quis
460 2983 612 3068 promisit
634 3003 696 3068 pro
718 2984 830 3069 pueris
852 2988 930 3052 ante
957 2992 1089 3073 septen·

65 3073 171 3157 nium,
197 3093 265 3140 oon
289 3075 393 3153 valet,
418 3073 481 3140 nisi
504 3077 616 3158 postea
638 3073 681 3139 sit
719 3093 844 3154 eorum,
867 3077 982 3144 saitem
1007 3078 1088 3144 taei-

63 3168 125 3244 tus,
151 3182 340 3231 consensus.
375 3165 467 3245 item,
489 3164 516 3229 si
553 3183 672 3249 parum
695 3163 820 3232 distant
848 3185 868 3232 a
900 3167 1086 3250 septennio,

63 3254 148 3319 nihii
173 3252 296 3320 distare
320 3252 463 3320 videtur.

40 3344 110 3410 Art.
135 3343 168 3410 5.
192 3344 244 3409 Ao
266 3344 421 3426 sponsotio
445 3341 567 3427 possint
603 3344 720 3411 dirimi.
745 3347 781 3430 ri.
804 3343 876 3430 ipso
898 3345 971 3413 iure
1008 3346 1088 3414 diri·

5 3493 7 3508 ‚
63 3438 214 3510 muntur,
237 3431 264 3498 si
298 3435 372 3517 quis
396 3434 583 3519 ingreditur
619 3435 822 3519 religionem,
847 3435 899 3500 vei
924 3455 1000 3503 oum
1024 3437 1088 3504 aiio
1199 3463 1200 3468 ¹

5 3567 6 3602 ι
62 3521 231 3589 contraxit
254 3542 314 3606 per
337 3525 439 3590 verba
456 3525 504 3589 ‘de
528 3525 701 3606 praesenti3
725 3525 760 3590 in
785 3524 857 3592 aliis
878 3526 1007 3614 easihus
1031 3528 1088 3594 de·

5 3619 6 3628 ’
63 3615 147 3680 bont
163 3611 282 3680 'dirimi
305 3615 489 3680 seeundum
513 3612 673 3680 iudicium
709 3613 873 3696 Eooiesiae,
896 3632 927 3684 ν.
953 3634 984 3704 g.
1008 3616 1087 3702 quia

64 3701 229 3784 infirmus,
252 3703 304 3770 vei
327 3704 411 3771 atter
434 3707 482 3770 est
505 3705 632 3785 absens,
656 3707 690 3771 ει
710 3708 834 3773 statuto
850 3709 999 3793 tempore
1015 3726 1087 3775 non
