2608 4220
249 87 318 162 5l6
556 106 603 160 ex
628 105 892 162 suernnunnro

204 229 272 298 Art.
296 227 329 297 2.
353 227 411 298 Am
434 231 569 312 potuerit
590 207 791 297 mse'liettom
811 249 867 314 por
889 229 1145 315 dispensationem
1173 247 1248 298 emo·

225 339 291 388 rem
315 317 476 386 dimittere.
494 321 528 404 b.
550 315 722 386 Probabile
745 322 817 400 est3
845 319 1105 405 inseparabilitas
1133 320 1248 386 matri·

223 409 329 476 monii
353 413 401 475 est
423 408 565 474 deducta
580 428 621 475 cx
644 407 716 475 iure
731 412 860 476 naturae
875 414 909 476 et
930 410 977 476 sic
992 413 1100 494 posset
1112 410 1247 494 dispen-

224 499 289 566 sari
312 500 348 567 in
372 500 501 585 rigore:
532 497 617 564 Deus
651 502 762 564 autem
792 499 982 583 dispensare
1006 503 1123 585 potest,
1146 499 1246 566 etiam

224 590 252 656 si
270 593 353 657 essct
375 589 410 654 in
435 588 543 672 primo
559 589 665 673 gradu
678 593 817 669 naturae,
833 597 871 654 ut
886 587 1052 656 Abrabam
1070 589 1176 655 filium
1192 609 1247 655 cc·

224 679 358 759 cideret‚
374 682 407 744 et
425 678 607 745 dimitteret
623 679 715 763 Agar,
731 679 789 744 sed
805 679 1031 764 supradictum
1051 679 1247 763 intelligitur

225 771 268 836 de
292 768 512 846 matrimonio,
536 771 575 833 ut
597 773 645 833 est
668 769 814 834 efficium
838 773 978 854 naturae,
989 768 1066 855 quia
1089 789 1192 848 nune,
1209 772 1250 834 ut

224 863 272 926 est
294 863 549 938 sacramentum,
572 861 621 923 est
643 857 910 940 indispensabile.

201 949 271 1020 Art.
294 949 325 1016 3.
347 947 397 1016 dm
418 947 472 1015 sat
497 949 559 1030 lepe
587 947 702 1030 Moysis
726 949 844 1016 licitum
876 951 973 1032 faerit
993 958 1121 1016 matrem
1142 947 1251 1014 dimit

226 1048 297 1108 tere.
323 1041 357 1125 ll.
381 1038 434 1103 Est
457 1056 508 1104 res
531 1037 654 1114 dubia,
689 1036 790 1122 aliqui
824 1039 941 1105 dicunt
969 1059 1011 1106 ex
1033 1037 1251 1123 permissione

224 1129 340 1198 divina
362 1126 499 1206 licuisse,
523 1126 578 1192 alii
600 1126 718 1192 dicunt
740 1128 915 1210 repudium
940 1148 1007 1196 non
1031 1147 1202 1196 excusasse
1231 1148 1252 1192 a

224 1222 368 1306 peceato,
392 1217 449 1282 sed
472 1237 492 1284 a
514 1236 612 1302 poena
635 1215 816 1301 infligenda
839 1238 899 1302 per
924 1219 1040 1305 legem,
1057 1223 1090 1285 et
1112 1221 1185 1284 baec
1199 1221 1253 1284 est

223 1307 435 1396 probabilior.

200 1400 272 1468 Art.
296 1398 327 1466 l.
351 1395 399 1464 Aa
429 1398 521 1464 lioeot
545 1399 639 1464 umori
665 1397 840 1480 repudiatae
869 1400 965 1466 oliam
998 1403 1097 1468 otram
1126 1395 1253 1466 ducere.

225 1493 262 1575 rt.
285 1488 349 1573 Qui
372 1487 489 1553 dicunt
512 1507 554 1554 ex
576 1487 821 1570 dispensatione
853 1487 969 1556 divina
987 1509 1047 1573 per
1069 1488 1255 1571 repudium

225 1599 294 1646 esse
317 1577 511 1644 dissolutum
535 1576 784 1643 matrimonium
819 1580 948 1661 poterat
977 1579 1079 1645 alium
1111 1577 1253 1656 ducere,

226 1668 285 1754 qui
320 1667 437 1733 dicunt
460 1685 528 1732 non
552 1665 700 1750 licuisse,
735 1666 793 1732 sed
816 1670 948 1734 tantum
975 1688 1043 1734 non
1068 1667 1256 1733 incurrisse

224 1777 350 1842 poenas,
373 1755 490 1822 dicunt
513 1774 582 1822 non
606 1758 733 1838 potest,
763 1759 795 1822 ct
824 1756 851 1822 si
881 1758 916 1825 in
947 1757 1052 1823 veteri
1076 1758 1146 1842 lege
1168 1760 1256 1822 sunt

223 1849 385 1930 exempla,
408 1845 526 1912 dicunt
548 1846 676 1911 licuisse
699 1846 822 1912 babere
846 1847 955 1930 plures
978 1865 1108 1914 uxores,

201 1937 271 2006 Art.
296 1939 327 2006 5.
350 1936 399 2004 Am
423 1937 514 2002 liceat
532 1937 600 2002 oiro
623 1933 814 2019 repudiatam
836 1957 856 2002 o
883 1957 913 2004 se
935 1939 1079 2022 occipere.
1105 1938 1139 2022 rt.
1164 1935 1255 2016 Non,

224 2032 258 2094 et
280 2031 343 2094 hoc
366 2026 401 2092 in
417 2044 560 2108 poenam.

202 2116 274 2185 Art.
297 2117 329 2184 6.
353 2118 404 2181 Ao
426 2133 517 2182 conso
538 2114 660 2198 repudii
682 2117 780 2198 fcerit
800 2115 901 2182 odium
923 2117 1041 2184 amoris.
1065 2117 1101 2200 rt.
1124 2113 1190 2192 Sic,
1207 2117 1255 2182 ad

224 2207 418 2274 evitandum
441 2204 680 2286 homicidium,
702 2207 782 2270 sunt
804 2209 837 2271 ct
860 2205 930 2272 aliae
965 2225 1068 2272 causae
1098 2209 1255 2285 remotae,

225 2300 263 2362 ut
285 2295 448 2374 sterilitas,
472 2295 573 2378 lepra,
598 2294 676 2360 mali
699 2313 816 2360 mores.

202 2383 271 2454 Art.
295 2385 327 2453 7.
351 2384 400 2453 Ao
422 2403 528 2452 ooosoo
550 2385 670 2469 repudii
685 2384 811 2451 debeant
826 2387 862 2450 im
885 2385 985 2454 libello
1002 2385 1105 2453 soriti.
1124 2387 1159 2470 el.
1177 2383 1254 2450 Non

223 2477 260 2543 in
283 2475 425 2561 speciali,
448 2495 492 2542 ne
514 2476 675 2565 damnum
709 2474 891 2559 repudiatae
915 2480 1121 2555 nasceretur,
1136 2474 1198 2540 sed
1214 2473 1255 2540 in

226 2565 382 2657 generali.

558 2741 738 2829 QUAESTlO
761 2742 887 2814 LXVlll.
960 2731 964 2736 ’

320 2928 413 2998 De
436 2927 580 2996 filiis
604 2925 925 3008 illegitime
948 2927 1125 2994 matie.

203 3109 272 3180 Art.
295 3108 327 3178 l.
350 3107 400 3176 do
422 3110 485 3192 filii
505 3111 560 3192 qai
581 3113 750 3176 coronator
773 3112 862 3176 cotra
884 3126 989 3176 oerum
1017 3106 1256 3174 matrimonium

228 3204 295 3268 sint
318 3200 458 3283 lopitimi.
483 3200 518 3284 rip.
541 3199 622 3265 Non.
646 3199 726 3264 Nota
749 3199 806 3282 qui
829 3198 1036 3265 conveniunt
1069 3199 1155 3264 bona
1184 3196 1257 3260 tide

229 3292 265 3358 in
291 3291 372 3356 lacie
394 3288 552 3372 Ecclesiae,
568 3289 643 3357 licet
658 3289 742 3356 adsit
757 3289 1041 3373 impedimentum,
1059 3287 1139 3352 dum
1153 3286 1255 3371 igno-

231 3383 307 3449 rant
331 3399 398 3446 non
424 3384 571 3465 peceant,
594 3401 657 3446 nec
679 3380 739 3446 filii
761 3383 839 3447 sunt
862 3377 1032 3464 illegitimi,
1054 3395 1145 3442 secus
1168 3375 1198 3441 si
1213 3377 1255 3443 in

231 3470 359 3539 occulto
383 3474 591 3550 contrabant,
615 3468 692 3553 quia
715 3469 848 3536 videtur
877 3466 1063 3554 ignorantia
1088 3467 1254 3532 affectata.

231 3561 324 3641 ltem,
348 3560 409 3626 lilii
432 3561 502 3626 nati
525 3580 566 3626 ex
582 3559 721 3641 simplici
736 3561 954 3626 fornicatione
970 3561 1049 3624 sunt
1071 3557 1255 3636 naturales,

232 3653 266 3716 et
288 3669 356 3717 non
381 3650 527 3734 legitimi.
551 3647 643 3728 ltem,
664 3649 812 3734 adoptivi
839 3653 918 3718 eunt
939 3645 1097 3734 legitimi,
1124 3650 1159 3712 et
1180 3665 1255 3714 nnn
