2608 4220
325 93 328 104 '
419 113 497 168 mvr
520 113 668 170 runnu.
951 99 1022 172 559

374 319 557 407 Qufflsuo
572 319 703 392 txxxl.

83 502 179 570 De
203 504 496 584 qualitate
520 505 994 586 resurgentium.

14 681 86 751 Art.
114 681 146 748 l.
168 679 217 748 Aa
240 700 341 748 omoes
362 689 524 767 resorpcot
546 684 581 750 io
603 681 704 750 codem
732 688 838 750 aetum
869 684 903 767 ri.
939 680 1065 751 Omnes

36 771 73 840 in
99 775 207 838 aetate
230 771 369 838 iuvenili
392 772 464 838 sinc
486 771 554 840 ullo
576 773 717 852 deiectu,
741 773 798 858 qui
814 775 863 839 est
886 772 921 839 in
939 771 1064 856 pueris,

36 861 92 927 vcl
117 860 155 928 iu
178 862 313 930 senibus
336 862 378 927 ad
402 879 593 929 mensuram
617 861 720 928 aetatis
736 860 954 945 plenitudinis
969 861 1065 930 Chri·

37 951 93 1030 sti,
118 949 176 1035 qui
196 950 258 1017 luit
281 950 367 1018 cirea
391 951 528 1037 triginta
550 971 666 1019 annos.
689 949 781 1032 ltem,
800 970 1010 1038 resurgemus
1025 951 1061 1018 in

36 1044 131 1106 statu
154 1039 307 1121 iuvenili;
331 1060 400 1107 non
424 1044 587 1125 quantum
609 1042 652 1108 ad
675 1059 854 1110 numerum
883 1060 1063 1121 annorum,

36 1130 99 1196 sed
124 1132 288 1214 quantum
311 1131 354 1196 ad
376 1132 509 1217 statum,
534 1130 650 1217 quiin
678 1149 816 1215 corpore
850 1132 997 1198 humano
1020 1151 1062 1199 ex

35 1219 139 1286 annis
163 1218 373 1304 relinquitur.

13 1311 88 1377 Art.
112 1309 147 1375 2.
170 1307 219 1376 lo
242 1328 342 1377 omnes
365 1308 881 1396 rosorqcotciosdcmctctoroc.1i.
905 1309 988 1392 Non,
1004 1311 1062 1378 scd

34 1399 72 1465 in
99 1399 296 1484 quantitate,
321 1419 405 1484 quae
420 1401 603 1467 debebatur
615 1400 799 1480 individuo,
816 1400 844 1467 si
859 1403 981 1470 natura
993 1419 1062 1467 non

36 1492 193 1567 errasset,
218 1507 326 1573 neque
348 1489 527 1569 defecisset,
550 1494 583 1556 et
605 1491 694 1575 quod
717 1492 875 1576 superest,
905 1489 1064 1558 resecabi-

38 1585 107 1656 tur,
134 1583 167 1642 et
189 1579 279 1661 quod
302 1580 393 1644 deest
414 1579 621 1663 supplebitur
643 1599 663 1645 a
684 1579 762 1646 lieo.

13 1665 85 1736 Art.
119 1667 152 1735 3.
180 1664 229 1733 Ac
250 1686 354 1758 omncs
376 1675 538 1753 remrpcot
560 1673 595 1735 io
617 1687 692 1736 scos
713 1670 813 1736 virili.
837 1671 872 1755 ri.
896 1668 984 1748 Non,
1005 1670 1064 1735 sed

35 1757 72 1822 in
99 1756 240 1823 diversis
258 1758 400 1837 sexibus,
417 1764 455 1824 ut
480 1759 514 1825 in
539 1758 678 1824 diversis
700 1756 843 1838 staturis,
866 1763 899 1823 et
921 1761 991 1826 baec
1014 1757 1062 1824 di·

39 1847 183 1912 versitas
205 1851 330 1930 spectat
353 1848 396 1914 ad
421 1847 657 1931 perfectionem
680 1848 809 1932 speciei,
832 1849 866 1912 et
887 1847 915 1913 si
937 1847 980 1914 sit
1003 1846 1064 1913 dii-

39 1936 186 2002 ferentia
209 1955 316 2014 sexus,
341 1956 409 2002 non
435 1937 499 2003 erit
521 1936 670 2004 conlusio
685 1942 810 2004 mutuae
826 1935 971 2016 visionis,
986 1936 1064 2020 quia

37 2027 86 2091 lbi
116 2045 184 2092 non
209 2031 257 2090 est
281 2023 383 2092 libido
407 2025 548 2092 incitans
572 2026 613 2091 ad
638 2030 749 2111 turpes
772 2030 874 2108 acluS,
897 2029 988 2094 unde
1003 2044 1063 2092 na·

36 2116 148 2182 scitur
172 2115 330 2196 conlusio,
354 2134 416 2180 nee
439 2116 503 2181 erit
524 2115 696 2195 subiectio,
719 2116 796 2202 quia
818 2135 887 2182 non
914 2115 978 2182 erit
1006 2113 1063 2179 ali-

36 2224 107 2290 qua
131 2201 328 2282 differentia,
347 2203 411 2270 nisi
427 2205 555 2271 ratione
571 2204 777 2284 meritorum,
794 2208 827 2271 et
839 2205 943 2272 virtus
959 2203 1062 2271 animi

37 2296 105 2360 erit
129 2293 165 2360 in
190 2298 331 2378 utroque
353 2313 443 2374 sexu,
468 2295 559 2361 unde
581 2313 794 2362 occurremus
808 2294 844 2363 in
860 2295 971 2361 virum
987 2313 1063 2377 per·

34 2386 175 2450 fectum.

15 2471 87 2540 Art.
114 2473 146 2540 l.
168 2469 219 2540 Ao
241 2490 342 2539 omues
364 2480 526 2557 resorpcot
547 2474 1062 2559 incito.ooimoli.1i.llon,quod

34 2564 79 2629 sit
103 2561 256 2639 nutritio,
273 2562 324 2627 vel
342 2562 521 2647 generatio,
537 2563 701 2642 comestio,
717 2568 778 2630 etc.
794 2563 874 2629 binc
890 2565 1063 2630 cessabunt

35 2654 168 2719 mutue
190 2651 334 2718 actiones
356 2654 608 2732 elementorum,
631 2655 666 2718 et
687 2657 795 2720 motus
817 2654 903 2734 coeli,
918 2653 976 2738 qui
991 2657 1063 2720 crat

36 2743 81 2810 ad
107 2741 253 2808 actiones
275 2741 435 2808 animalis.

35 2832 47 2856 ¹
72 2829 237 2898 Comestio
261 2828 379 2898 Christi
403 2833 476 2916 post
510 2831 785 2900 resurrectionem
814 2850 883 2899 non
917 2829 981 2897 init
1002 2850 1061 2898 nc·

34 2918 207 2998 cessitatis,
222 2922 298 3004 quia
321 2922 395 2986 cibo
420 2924 540 3006 egeret,
564 2923 621 2989 sed
644 2921 821 3006 potestatis,
845 2923 883 2987 ut
909 2921 1061 2988 ostende-

37 3015 92 3076 ret
116 3028 287 3076 severam
312 3013 463 3076 naturam
488 3010 706 3094 assumpsisse,
728 3030 829 3097 quam
852 3009 943 3095 prius
965 3012 1063 3076 habe·

37 3100 109 3167 bat.
134 3098 217 3165 ltem
241 3099 410 3165 beatitudo
432 3101 577 3184 eorporis
601 3100 739 3167 humani
761 3099 909 3167 consistit
932 3099 966 3166 in
987 3120 1062 3183 ope·

36 3188 182 3268 ratione,
207 3209 245 3253 ex
271 3189 495 3255 redundantia
519 3190 667 3270 rationis,
690 3194 724 3255 et
745 3190 823 3274 quia
838 3192 936 3257 bomo
959 3195 1017 3276 est,
1029 3194 1063 3256 et

38 3297 123 3354 non,
149 3284 186 3342 ut
208 3277 330 3343 animal
354 3282 412 3357 ost,
439 3282 472 3344 et
505 3280 736 3347 delectationes
764 3281 951 3363 corporales
983 3288 1063 3348 sunt

35 3366 253 3434 medicinales
276 3369 319 3434 ad
348 3368 531 3436 tollendum
565 3369 732 3437 fastidium
767 3370 802 3437 in
832 3370 969 3450 actibus,
1001 3391 1062 3438 nec

36 3463 121 3523 sunt
144 3475 232 3524 verae
255 3457 498 3541 delectationes,
530 3477 593 3527 nec
614 3460 657 3527 de
691 3460 892 3543 perfectione
924 3461 1062 3530 beatitu-

37 3545 140 3616 dinis.
