2608 4220
238 51 304 124 soa
550 69 598 124 ux
621 67 876 122 srennnnnuro

214 189 372 257 credibile
387 193 435 254 est
450 208 492 254 ex
507 187 622 255 divina
638 185 863 253 misericordia
879 183 968 270 quod
983 179 1139 266 sutfragia
1156 175 1242 244 facta

216 300 277 364 pro
300 278 472 366 aliquibus,
494 279 522 344 si
545 298 614 346 nou
637 277 819 361 indigeant,
835 275 1070 358 dispensentur
1081 267 1156 336 aliis
1180 287 1243 352 pro

216 370 338 454 quihus
361 388 430 437 non
453 371 552 436 nunt.

551 544 730 632 QnAEsTto
753 543 869 613 txxn.

227 814 229 817 v
361 733 452 794 De
476 730 757 800 oratione
782 727 1079 802 respectu

219 821 591 886 Sanctorum
616 821 720 897 qui
744 823 888 882 sunu
912 817 976 876 in
999 807 1217 890 patria.

196 995 265 1063 Art.
292 995 321 1062 t.
344 996 394 1064 An
416 999 516 1063 saneti
538 1003 722 1081 eopcoscoot
753 996 905 1060 orationes
939 996 1069 1054 nosnos.
1095 984 1132 1068 rt.
1156 981 1249 1047 Licet

217 1087 322 1153 sancti
347 1107 415 1152 non
439 1088 574 1153 videant
597 1086 729 1163 omnia,
754 1105 827 1170 quae
851 1080 1066 1148 continentur
1090 1072 1125 1136 in
1150 1071 1248 1148 Deo,

218 1177 388 1262 quianon
413 1178 701 1261 comprehendunt
723 1175 838 1251 Deum,
863 1171 920 1236 sed
944 1167 1060 1232 vident
1088 1182 1142 1238 ea,
1167 1180 1248 1244 quae

219 1270 369 1349 spectant
391 1267 432 1330 ad
457 1267 692 1349 perfectionem
716 1261 859 1347 propriae
883 1253 1112 1329 beatitudinis,
1138 1253 1171 1314 et
1196 1249 1250 1314 sic

218 1357 252 1420 in
278 1356 383 1422 Verbo
406 1360 609 1440 cognoscunt
631 1359 729 1432 vota,
754 1353 966 1422 devotioneS‚
994 1343 1160 1408 orationes
1183 1341 1250 1403 ho-

219 1445 361 1524 minum,
385 1445 441 1525 qui
465 1446 507 1509 ad
530 1463 646 1510 eorum
664 1442 824 1508 auxilium
841 1436 1048 1518 confugiunt,
1064 1431 1153 1515 quod
1169 1447 1251 1510 per·

219 1535 368 1599 tinctae
393 1553 508 1600 eorum
532 1535 680 1618 gloriam,
705 1537 741 1598 ut
759 1536 922 1614 tanquam
954 1523 1160 1590 coadiutores
1183 1517 1249 1582 Dei

218 1623 348 1706 prosint
383 1624 584 1689 adsalutem
620 1622 807 1706 petentibus
831 1616 1008 1694 auxilium,
1037 1617 1147 1674 tamen
1175 1627 1248 1670 non

217 1714 331 1778 ferunt
353 1714 524 1793 auxilium,
548 1713 610 1778 nisi
643 1715 741 1794 prout
772 1709 888 1774 vident
912 1724 978 1770 esse
1001 1699 1199 1782 dispositum
1231 1717 1250 1758 a

217 1803 333 1868 divina
364 1802 505 1881 iustitia,
534 1803 612 1886 quia
640 1819 770 1884 semper
805 1801 883 1863 sunt
906 1793 1090 1860 conformes
1117 1785 1251 1851 divinae

217 1893 392 1958 voluntati.

196 1981 273 2049 Art.
296 1981 328 2048 2.
352 1980 400 2048 Ao
424 1980 578 2048 debeamus
600 1987 721 2046 coaetos
744 1976 938 2060 interpellare
962 1968 1001 2037 od
1023 1964 1171 2048 orandum
1185 1983 1250 2048 pro

215 2070 313 2138 nobis.
340 2073 376 2154 rt.
399 2071 460 2149 Sic,
484 2072 562 2156 quia
585 2070 701 2135 divina
724 2068 853 2134 bonitas
877 2059 1047 2146 disposuit,
1070 2060 1108 2122 ut
1130 2061 1251 2122 essent

215 2159 316 2225 medii
341 2160 429 2224 inter
454 2180 524 2237 nos,
548 2163 581 2224 et
603 2158 719 2234 Deum,
744 2156 846 2222 etsie
880 2149 1055 2236 perfectius
1088 2149 1252 2210 servatur

216 2251 309 2328 ordo,
333 2254 370 2314 ut
406 2269 465 2333 per
490 2248 598 2315 media
621 2248 663 2313 ad
698 2249 817 2327 finem,
842 2247 875 2309 et
905 2244 948 2307 ob
971 2237 1079 2304 varias
1114 2253 1251 2299 causac.

216 2336 307 2416 item,
331 2340 373 2404 ad
398 2339 581 2404 tollendum
606 2356 754 2402 errorem
777 2332 926 2408 Nestorii,
950 2332 984 2394 et
1007 2325 1072 2393 Arii
1098 2342 1169 2389 nou
1194 2322 1253 2388 di-

216 2429 321 2494 cimus
345 2427 473 2493 Christe
496 2448 554 2493 ora
579 2447 639 2509 pro
662 2426 767 2504 nobis,
791 2425 848 2490 sed
872 2419 950 2486 audi
975 2437 1044 2484 uos.

195 2518 273 2584 Art.
297 2519 327 2583 3.
352 2516 400 2584 Aa
424 2516 578 2583 orationes
601 2522 775 2583 satiatorum
795 2531 852 2598 pro
886 2505 973 2577 ociis
1002 2521 1117 2588 semper
1147 2519 1254 2566 acon-

217 2607 357 2674 dioctor.
397 2609 433 2692 ri.
457 2606 519 2685 Sic,
554 2605 632 2690 quia
666 2606 793 2670 orando
830 2618 959 2683 semper
994 2595 1112 2661 volunt
1150 2591 1251 2674 quod

218 2695 305 2762 Deus
329 2697 412 2774 vuit,
437 2702 470 2761 et
505 2696 594 2781 quod
628 2693 714 2759 Deus
748 2693 835 2770 vult,
859 2707 988 2770 semper
1022 2687 1069 2762 nt,
1094 2678 1156 2746 nisi
1195 2680 1251 2744 Ιο-

128 2827 134 2836 -
219 2805 363 2870 quamur
386 2787 428 2851 de
451 2787 623 2850 voluntate
654 2781 878 2860 antecedenti,
902 2797 986 2863 quae
1011 2793 1078 2840 non
1113 2786 1253 2850 semper

218 2874 388 2958 impletur,
412 2881 523 2942 tamen
561 2893 627 2940 non
664 2876 712 2938 est
735 2873 857 2937 frustra
892 2867 1013 2942 oratio,
1038 2860 1113 2946 quia
1153 2859 1250 2922 forte

218 2965 492 3047 praedestinatum
524 2967 583 3042 est,
606 2967 645 3028 ut
679 2967 868 3028 sanctorum
903 2953 1108 3023 orationibus
1136 2947 1254 3014 adim·

216 3054 347 3138 pleatur
374 3054 419 3133 id,
442 3053 532 3140 quod
554 3051 659 3121 sancti
683 3052 800 3118 vident
821 3050 927 3116 Deum
950 3044 1045 3112 velle.
